{
    "symbol": "AX",
    "quarterly_reports": [
        {
            "fiscal_date_ending": "2010-09-30",
            "reported_currency": "USD",
            "gross_profit": 15224000.0,
            "total_revenue": 15224000.0,
            "cost_of_revenue": 10017000.0,
            "cost_of_goods_and_services_sold": 10017000.0,
            "operating_income": 16412000.0,
            "selling_general_and_administrative": 4155000.0,
            "research_and_development": null,
            "operating_expenses": 823000.0,
            "investment_income_net": null,
            "net_interest_income": 12672000.0,
            "interest_income": 21089000.0,
            "interest_expense": 8417000.0,
            "non_interest_income": 2122000.0,
            "other_non_operating_income": null,
            "depreciation": null,
            "depreciation_and_amortization": 75000.0,
            "income_before_tax": 7995000.0,
            "income_tax_expense": 3163000.0,
            "interest_and_debt_expense": null,
            "net_income_from_continuing_operations": null,
            "comprehensive_income_net_of_tax": 2480000.0,
            "ebit": 16412000.0,
            "ebitda": 16487000.0,
            "net_income": 4832000.0
        },
        {
            "fiscal_date_ending": "2010-12-31",
            "reported_currency": "USD",
            "gross_profit": 16502000.0,
            "total_revenue": 16502000.0,
            "cost_of_revenue": 10061000.0,
            "cost_of_goods_and_services_sold": 10061000.0,
            "operating_income": 16671000.0,
            "selling_general_and_administrative": 4950000.0,
            "research_and_development": null,
            "operating_expenses": 814000.0,
            "investment_income_net": null,
            "net_interest_income": 14123000.0,
            "interest_income": 22584000.0,
            "interest_expense": 8461000.0,
            "non_interest_income": 1927000.0,
            "other_non_operating_income": null,
            "depreciation": null,
            "depreciation_and_amortization": 108000.0,
            "income_before_tax": 8210000.0,
            "income_tax_expense": 3283000.0,
            "interest_and_debt_expense": null,
            "net_income_from_continuing_operations": null,
            "comprehensive_income_net_of_tax": 4351000.0,
            "ebit": 16671000.0,
            "ebitda": 16779000.0,
            "net_income": 4927000.0
        },
        {
            "fiscal_date_ending": "2011-03-31",
            "reported_currency": "USD",
            "gross_profit": 17400000.0,
            "total_revenue": 17400000.0,
            "cost_of_revenue": 9775000.0,
            "cost_of_goods_and_services_sold": 9775000.0,
            "operating_income": 17273000.0,
            "selling_general_and_administrative": 5409000.0,
            "research_and_development": null,
            "operating_expenses": 1062000.0,
            "investment_income_net": null,
            "net_interest_income": 15303000.0,
            "interest_income": 23928000.0,
            "interest_expense": 8625000.0,
            "non_interest_income": 1924000.0,
            "other_non_operating_income": null,
            "depreciation": null,
            "depreciation_and_amortization": 181000.0,
            "income_before_tax": 8648000.0,
            "income_tax_expense": 3373000.0,
            "interest_and_debt_expense": null,
            "net_income_from_continuing_operations": null,
            "comprehensive_income_net_of_tax": 3437000.0,
            "ebit": 17273000.0,
            "ebitda": 17454000.0,
            "net_income": 5275000.0
        },
        {
            "fiscal_date_ending": "2011-06-30",
            "reported_currency": "USD",
            "gross_profit": 18919000.0,
            "total_revenue": 18919000.0,
            "cost_of_revenue": 10369000.0,
            "cost_of_goods_and_services_sold": 10369000.0,
            "operating_income": 18236000.0,
            "selling_general_and_administrative": 5881000.0,
            "research_and_development": null,
            "operating_expenses": 6800000.0,
            "investment_income_net": null,
            "net_interest_income": 16415000.0,
            "interest_income": 25334000.0,
            "interest_expense": 8919000.0,
            "non_interest_income": 2020000.0,
            "other_non_operating_income": null,
            "depreciation": null,
            "depreciation_and_amortization": 254000.0,
            "income_before_tax": 9319000.0,
            "income_tax_expense": 3774000.0,
            "interest_and_debt_expense": null,
            "net_income_from_continuing_operations": null,
            "comprehensive_income_net_of_tax": 5295000.0,
            "ebit": 18238000.0,
            "ebitda": 18492000.0,
            "net_income": 5545000.0
        },
        {
            "fiscal_date_ending": "2011-09-30",
            "reported_currency": "USD",
            "gross_profit": 8664000.0,
            "total_revenue": 20579000.0,
            "cost_of_revenue": 11915000.0,
            "cost_of_goods_and_services_sold": 11951000.0,
            "operating_income": 886000.0,
            "selling_general_and_administrative": 6310000.0,
            "research_and_development": null,
            "operating_expenses": 17366000.0,
            "investment_income_net": null,
            "net_interest_income": 18177000.0,
            "interest_income": 27765000.0,
            "interest_expense": 9588000.0,
            "non_interest_income": 4570000.0,
            "other_non_operating_income": null,
            "depreciation": null,
            "depreciation_and_amortization": 298000.0,
            "income_before_tax": 10832000.0,
            "income_tax_expense": 4299000.0,
            "interest_and_debt_expense": 9588000.0,
            "net_income_from_continuing_operations": 6533000.0,
            "comprehensive_income_net_of_tax": 6867000.0,
            "ebit": 20420000.0,
            "ebitda": 20718000.0,
            "net_income": 6533000.0
        },
        {
            "fiscal_date_ending": "2011-12-31",
            "reported_currency": "USD",
            "gross_profit": 10098000.0,
            "total_revenue": 20902000.0,
            "cost_of_revenue": 10804000.0,
            "cost_of_goods_and_services_sold": 11130000.0,
            "operating_income": 1057000.0,
            "selling_general_and_administrative": 7390000.0,
            "research_and_development": null,
            "operating_expenses": 18571000.0,
            "investment_income_net": null,
            "net_interest_income": 19086000.0,
            "interest_income": 28616000.0,
            "interest_expense": 9530000.0,
            "non_interest_income": 2986000.0,
            "other_non_operating_income": null,
            "depreciation": null,
            "depreciation_and_amortization": 332000.0,
            "income_before_tax": 11268000.0,
            "income_tax_expense": 4608000.0,
            "interest_and_debt_expense": 9530000.0,
            "net_income_from_continuing_operations": 6660000.0,
            "comprehensive_income_net_of_tax": 5022000.0,
            "ebit": 20798000.0,
            "ebitda": 21130000.0,
            "net_income": 6660000.0
        },
        {
            "fiscal_date_ending": "2012-03-31",
            "reported_currency": "USD",
            "gross_profit": 11306000.0,
            "total_revenue": 22496000.0,
            "cost_of_revenue": 11190000.0,
            "cost_of_goods_and_services_sold": 11013000.0,
            "operating_income": 1603000.0,
            "selling_general_and_administrative": 7780000.0,
            "research_and_development": null,
            "operating_expenses": 18716000.0,
            "investment_income_net": null,
            "net_interest_income": 20335000.0,
            "interest_income": 29348000.0,
            "interest_expense": 9013000.0,
            "non_interest_income": 3856000.0,
            "other_non_operating_income": null,
            "depreciation": null,
            "depreciation_and_amortization": 347000.0,
            "income_before_tax": 13001000.0,
            "income_tax_expense": 5283000.0,
            "interest_and_debt_expense": 9013000.0,
            "net_income_from_continuing_operations": 7718000.0,
            "comprehensive_income_net_of_tax": 9297000.0,
            "ebit": 22014000.0,
            "ebitda": 22361000.0,
            "net_income": 7718000.0
        },
        {
            "fiscal_date_ending": "2012-06-30",
            "reported_currency": "USD",
            "gross_profit": 12336000.0,
            "total_revenue": 24448000.0,
            "cost_of_revenue": 12112000.0,
            "cost_of_goods_and_services_sold": 10514000.0,
            "operating_income": 12336000.0,
            "selling_general_and_administrative": 8836000.0,
            "research_and_development": null,
            "operating_expenses": 8414000.0,
            "investment_income_net": null,
            "net_interest_income": 21590000.0,
            "interest_income": 30004000.0,
            "interest_expense": 8414000.0,
            "non_interest_income": 4958000.0,
            "other_non_operating_income": null,
            "depreciation": null,
            "depreciation_and_amortization": 339000.0,
            "income_before_tax": 14436000.0,
            "income_tax_expense": 5871000.0,
            "interest_and_debt_expense": 8414000.0,
            "net_income_from_continuing_operations": 8565000.0,
            "comprehensive_income_net_of_tax": 3826000.0,
            "ebit": 22850000.0,
            "ebitda": 23189000.0,
            "net_income": 8565000.0
        },
        {
            "fiscal_date_ending": "2012-09-30",
            "reported_currency": "USD",
            "gross_profit": 13216000.0,
            "total_revenue": 27298000.0,
            "cost_of_revenue": 14082000.0,
            "cost_of_goods_and_services_sold": 11054000.0,
            "operating_income": 1903000.0,
            "selling_general_and_administrative": 9184000.0,
            "research_and_development": null,
            "operating_expenses": 19817000.0,
            "investment_income_net": null,
            "net_interest_income": 22485000.0,
            "interest_income": 30989000.0,
            "interest_expense": 8504000.0,
            "non_interest_income": 6761000.0,
            "other_non_operating_income": null,
            "depreciation": null,
            "depreciation_and_amortization": 337000.0,
            "income_before_tax": 15164000.0,
            "income_tax_expense": 6175000.0,
            "interest_and_debt_expense": 8504000.0,
            "net_income_from_continuing_operations": 8989000.0,
            "comprehensive_income_net_of_tax": 7707000.0,
            "ebit": 23668000.0,
            "ebitda": 24005000.0,
            "net_income": 8989000.0
        },
        {
            "fiscal_date_ending": "2012-12-31",
            "reported_currency": "USD",
            "gross_profit": 14799000.0,
            "total_revenue": 29530000.0,
            "cost_of_revenue": 14731000.0,
            "cost_of_goods_and_services_sold": 10581000.0,
            "operating_income": 2184000.0,
            "selling_general_and_administrative": 10620000.0,
            "research_and_development": null,
            "operating_expenses": 21246000.0,
            "investment_income_net": null,
            "net_interest_income": 24936000.0,
            "interest_income": 33567000.0,
            "interest_expense": 8631000.0,
            "non_interest_income": 6249000.0,
            "other_non_operating_income": null,
            "depreciation": null,
            "depreciation_and_amortization": 449000.0,
            "income_before_tax": 16454000.0,
            "income_tax_expense": 6686000.0,
            "interest_and_debt_expense": 8631000.0,
            "net_income_from_continuing_operations": 9768000.0,
            "comprehensive_income_net_of_tax": 8946000.0,
            "ebit": 25085000.0,
            "ebitda": 25534000.0,
            "net_income": 9768000.0
        },
        {
            "fiscal_date_ending": "2013-03-31",
            "reported_currency": "USD",
            "gross_profit": 16894000.0,
            "total_revenue": 32365000.0,
            "cost_of_revenue": 15471000.0,
            "cost_of_goods_and_services_sold": 9983000.0,
            "operating_income": 3740000.0,
            "selling_general_and_administrative": 11265000.0,
            "research_and_development": null,
            "operating_expenses": 21167000.0,
            "investment_income_net": null,
            "net_interest_income": 26202000.0,
            "interest_income": 34635000.0,
            "interest_expense": 8433000.0,
            "non_interest_income": 6834000.0,
            "other_non_operating_income": null,
            "depreciation": null,
            "depreciation_and_amortization": 493000.0,
            "income_before_tax": 17565000.0,
            "income_tax_expense": 7163000.0,
            "interest_and_debt_expense": 8433000.0,
            "net_income_from_continuing_operations": 10402000.0,
            "comprehensive_income_net_of_tax": 10439000.0,
            "ebit": 25998000.0,
            "ebitda": 26491000.0,
            "net_income": 10402000.0
        },
        {
            "fiscal_date_ending": "2013-06-30",
            "reported_currency": "USD",
            "gross_profit": 17518000.0,
            "total_revenue": 34371000.0,
            "cost_of_revenue": 16853000.0,
            "cost_of_goods_and_services_sold": 9958000.0,
            "operating_income": 17518000.0,
            "selling_general_and_administrative": 14011000.0,
            "research_and_development": null,
            "operating_expenses": 8458000.0,
            "investment_income_net": null,
            "net_interest_income": 28005000.0,
            "interest_income": 36463000.0,
            "interest_expense": 8458000.0,
            "non_interest_income": 7866000.0,
            "other_non_operating_income": null,
            "depreciation": null,
            "depreciation_and_amortization": 625000.0,
            "income_before_tax": 19018000.0,
            "income_tax_expense": 7886000.0,
            "interest_and_debt_expense": 8458000.0,
            "net_income_from_continuing_operations": 11132000.0,
            "comprehensive_income_net_of_tax": 7834000.0,
            "ebit": 27476000.0,
            "ebitda": 28101000.0,
            "net_income": 11132000.0
        },
        {
            "fiscal_date_ending": "2013-09-30",
            "reported_currency": "USD",
            "gross_profit": 20195000.0,
            "total_revenue": 35209000.0,
            "cost_of_revenue": 15014000.0,
            "cost_of_goods_and_services_sold": 8736000.0,
            "operating_income": 9986000.0,
            "selling_general_and_administrative": 10948000.0,
            "research_and_development": null,
            "operating_expenses": 18237000.0,
            "investment_income_net": null,
            "net_interest_income": 28110000.0,
            "interest_income": 36346000.0,
            "interest_expense": 8236000.0,
            "non_interest_income": 6976000.0,
            "other_non_operating_income": null,
            "depreciation": null,
            "depreciation_and_amortization": 721000.0,
            "income_before_tax": 20072000.0,
            "income_tax_expense": 7890000.0,
            "interest_and_debt_expense": 8236000.0,
            "net_income_from_continuing_operations": 12182000.0,
            "comprehensive_income_net_of_tax": 12792000.0,
            "ebit": 28308000.0,
            "ebitda": 29029000.0,
            "net_income": 12182000.0
        },
        {
            "fiscal_date_ending": "2013-12-31",
            "reported_currency": "USD",
            "gross_profit": 20878000.0,
            "total_revenue": 37182000.0,
            "cost_of_revenue": 16304000.0,
            "cost_of_goods_and_services_sold": 9399000.0,
            "operating_income": 6520000.0,
            "selling_general_and_administrative": 12406000.0,
            "research_and_development": null,
            "operating_expenses": 22758000.0,
            "investment_income_net": null,
            "net_interest_income": 32827000.0,
            "interest_income": 41227000.0,
            "interest_expense": 8400000.0,
            "non_interest_income": 5543000.0,
            "other_non_operating_income": null,
            "depreciation": null,
            "depreciation_and_amortization": 696000.0,
            "income_before_tax": 22066000.0,
            "income_tax_expense": 8912000.0,
            "interest_and_debt_expense": 8400000.0,
            "net_income_from_continuing_operations": 13154000.0,
            "comprehensive_income_net_of_tax": 11317000.0,
            "ebit": 30466000.0,
            "ebitda": 31162000.0,
            "net_income": 13154000.0
        },
        {
            "fiscal_date_ending": "2014-03-31",
            "reported_currency": "USD",
            "gross_profit": 23381000.0,
            "total_revenue": 39328000.0,
            "cost_of_revenue": 15947000.0,
            "cost_of_goods_and_services_sold": 11100000.0,
            "operating_income": 11393000.0,
            "selling_general_and_administrative": 11089000.0,
            "research_and_development": null,
            "operating_expenses": 21488000.0,
            "investment_income_net": null,
            "net_interest_income": 35663000.0,
            "interest_income": 45163000.0,
            "interest_expense": 9500000.0,
            "non_interest_income": 5212000.0,
            "other_non_operating_income": null,
            "depreciation": null,
            "depreciation_and_amortization": 744000.0,
            "income_before_tax": 24928000.0,
            "income_tax_expense": 10318000.0,
            "interest_and_debt_expense": 9500000.0,
            "net_income_from_continuing_operations": 14610000.0,
            "comprehensive_income_net_of_tax": 15268000.0,
            "ebit": 34428000.0,
            "ebitda": 35172000.0,
            "net_income": 14610000.0
        },
        {
            "fiscal_date_ending": "2014-06-30",
            "reported_currency": "USD",
            "gross_profit": 24953000.0,
            "total_revenue": 42969000.0,
            "cost_of_revenue": 18016000.0,
            "cost_of_goods_and_services_sold": 11896000.0,
            "operating_income": 24953000.0,
            "selling_general_and_administrative": 20206000.0,
            "research_and_development": null,
            "operating_expenses": -11616000.0,
            "investment_income_net": null,
            "net_interest_income": 40496000.0,
            "interest_income": 50142000.0,
            "interest_expense": 9646000.0,
            "non_interest_income": 4723000.0,
            "other_non_operating_income": null,
            "depreciation": null,
            "depreciation_and_amortization": 713000.0,
            "income_before_tax": 27203000.0,
            "income_tax_expense": 11193000.0,
            "interest_and_debt_expense": 9646000.0,
            "net_income_from_continuing_operations": 16010000.0,
            "comprehensive_income_net_of_tax": 17013000.0,
            "ebit": 36849000.0,
            "ebitda": 37562000.0,
            "net_income": 16010000.0
        },
        {
            "fiscal_date_ending": "2014-09-30",
            "reported_currency": "USD",
            "gross_profit": 27799000.0,
            "total_revenue": 47745000.0,
            "cost_of_revenue": 19946000.0,
            "cost_of_goods_and_services_sold": 12430000.0,
            "operating_income": 11735000.0,
            "selling_general_and_administrative": 14371000.0,
            "research_and_development": null,
            "operating_expenses": 25994000.0,
            "investment_income_net": null,
            "net_interest_income": 44875000.0,
            "interest_income": 54805000.0,
            "interest_expense": 9930000.0,
            "non_interest_income": 5249000.0,
            "other_non_operating_income": null,
            "depreciation": null,
            "depreciation_and_amortization": 717000.0,
            "income_before_tax": 30178000.0,
            "income_tax_expense": 12337000.0,
            "interest_and_debt_expense": 9930000.0,
            "net_income_from_continuing_operations": 17841000.0,
            "comprehensive_income_net_of_tax": 20125000.0,
            "ebit": 40108000.0,
            "ebitda": 40825000.0,
            "net_income": 17841000.0
        },
        {
            "fiscal_date_ending": "2014-12-31",
            "reported_currency": "USD",
            "gross_profit": 30071000.0,
            "total_revenue": 51908000.0,
            "cost_of_revenue": 21837000.0,
            "cost_of_goods_and_services_sold": 13870000.0,
            "operating_income": 12845000.0,
            "selling_general_and_administrative": 16460000.0,
            "research_and_development": null,
            "operating_expenses": 16136000.0,
            "investment_income_net": null,
            "net_interest_income": 48111000.0,
            "interest_income": 59081000.0,
            "interest_expense": 10970000.0,
            "non_interest_income": 6697000.0,
            "other_non_operating_income": null,
            "depreciation": null,
            "depreciation_and_amortization": 766000.0,
            "income_before_tax": 32971000.0,
            "income_tax_expense": 13599000.0,
            "interest_and_debt_expense": 10970000.0,
            "net_income_from_continuing_operations": 19372000.0,
            "comprehensive_income_net_of_tax": 18537000.0,
            "ebit": 43941000.0,
            "ebitda": 44707000.0,
            "net_income": 19372000.0
        },
        {
            "fiscal_date_ending": "2015-03-31",
            "reported_currency": "USD",
            "gross_profit": 32888000.0,
            "total_revenue": 56131000.0,
            "cost_of_revenue": 23243000.0,
            "cost_of_goods_and_services_sold": 15146000.0,
            "operating_income": 14226000.0,
            "selling_general_and_administrative": 17794000.0,
            "research_and_development": null,
            "operating_expenses": 16243000.0,
            "investment_income_net": null,
            "net_interest_income": 50665000.0,
            "interest_income": 62911000.0,
            "interest_expense": 12246000.0,
            "non_interest_income": 8366000.0,
            "other_non_operating_income": null,
            "depreciation": null,
            "depreciation_and_amortization": 868000.0,
            "income_before_tax": 35788000.0,
            "income_tax_expense": 14714000.0,
            "interest_and_debt_expense": 12246000.0,
            "net_income_from_continuing_operations": 21074000.0,
            "comprehensive_income_net_of_tax": 21694000.0,
            "ebit": 48034000.0,
            "ebitda": 48902000.0,
            "net_income": 21074000.0
        },
        {
            "fiscal_date_ending": "2015-06-30",
            "reported_currency": "USD",
            "gross_profit": 39020000.0,
            "total_revenue": 62672000.0,
            "cost_of_revenue": 23652000.0,
            "cost_of_goods_and_services_sold": 15173000.0,
            "operating_income": 39020000.0,
            "selling_general_and_administrative": 21179000.0,
            "research_and_development": null,
            "operating_expenses": 20733000.0,
            "investment_income_net": null,
            "net_interest_income": 55294000.0,
            "interest_income": 67567000.0,
            "interest_expense": 12273000.0,
            "non_interest_income": 10278000.0,
            "other_non_operating_income": null,
            "depreciation": null,
            "depreciation_and_amortization": 922000.0,
            "income_before_tax": 41920000.0,
            "income_tax_expense": 17525000.0,
            "interest_and_debt_expense": 12273000.0,
            "net_income_from_continuing_operations": 24395000.0,
            "comprehensive_income_net_of_tax": 23293000.0,
            "ebit": 54193000.0,
            "ebitda": 55115000.0,
            "net_income": 24395000.0
        },
        {
            "fiscal_date_ending": "2015-09-30",
            "reported_currency": "USD",
            "gross_profit": 41199000.0,
            "total_revenue": 66517000.0,
            "cost_of_revenue": 25318000.0,
            "cost_of_goods_and_services_sold": 14501000.0,
            "operating_income": 23880000.0,
            "selling_general_and_administrative": 20007000.0,
            "research_and_development": null,
            "operating_expenses": 17319000.0,
            "investment_income_net": null,
            "net_interest_income": 59128000.0,
            "interest_income": 71229000.0,
            "interest_expense": 12101000.0,
            "non_interest_income": 9789000.0,
            "other_non_operating_income": null,
            "depreciation": null,
            "depreciation_and_amortization": 1008000.0,
            "income_before_tax": 43599000.0,
            "income_tax_expense": 18098000.0,
            "interest_and_debt_expense": 12101000.0,
            "net_income_from_continuing_operations": 25501000.0,
            "comprehensive_income_net_of_tax": 26371000.0,
            "ebit": 55700000.0,
            "ebitda": 56708000.0,
            "net_income": 25501000.0
        },
        {
            "fiscal_date_ending": "2015-12-31",
            "reported_currency": "USD",
            "gross_profit": 45146000.0,
            "total_revenue": 75991000.0,
            "cost_of_revenue": 30845000.0,
            "cost_of_goods_and_services_sold": 16164000.0,
            "operating_income": 25318000.0,
            "selling_general_and_administrative": 24381000.0,
            "research_and_development": null,
            "operating_expenses": 19828000.0,
            "investment_income_net": null,
            "net_interest_income": 63171000.0,
            "interest_income": 75935000.0,
            "interest_expense": 12764000.0,
            "non_interest_income": 16220000.0,
            "other_non_operating_income": null,
            "depreciation": null,
            "depreciation_and_amortization": 998000.0,
            "income_before_tax": 48546000.0,
            "income_tax_expense": 20397000.0,
            "interest_and_debt_expense": 12764000.0,
            "net_income_from_continuing_operations": 28149000.0,
            "comprehensive_income_net_of_tax": 27635000.0,
            "ebit": 61310000.0,
            "ebitda": 62308000.0,
            "net_income": 28149000.0
        },
        {
            "fiscal_date_ending": "2016-03-31",
            "reported_currency": "USD",
            "gross_profit": 59465000.0,
            "total_revenue": 90873000.0,
            "cost_of_revenue": 31408000.0,
            "cost_of_goods_and_services_sold": 16725000.0,
            "operating_income": 33549000.0,
            "selling_general_and_administrative": 25707000.0,
            "research_and_development": null,
            "operating_expenses": 25916000.0,
            "investment_income_net": null,
            "net_interest_income": 69557000.0,
            "interest_income": 84282000.0,
            "interest_expense": 14725000.0,
            "non_interest_income": 23316000.0,
            "other_non_operating_income": null,
            "depreciation": null,
            "depreciation_and_amortization": 1310000.0,
            "income_before_tax": 61465000.0,
            "income_tax_expense": 25551000.0,
            "interest_and_debt_expense": 14725000.0,
            "net_income_from_continuing_operations": 35914000.0,
            "comprehensive_income_net_of_tax": 36734000.0,
            "ebit": 76190000.0,
            "ebitda": 77500000.0,
            "net_income": 35914000.0
        },
        {
            "fiscal_date_ending": "2016-06-30",
            "reported_currency": "USD",
            "gross_profit": 49385000.0,
            "total_revenue": 84270000.0,
            "cost_of_revenue": 34885000.0,
            "cost_of_goods_and_services_sold": 19006000.0,
            "operating_income": 49385000.0,
            "selling_general_and_administrative": 32855000.0,
            "research_and_development": null,
            "operating_expenses": 29142000.0,
            "investment_income_net": null,
            "net_interest_income": 69155000.0,
            "interest_income": 86261000.0,
            "interest_expense": 17106000.0,
            "non_interest_income": 17015000.0,
            "other_non_operating_income": null,
            "depreciation": null,
            "depreciation_and_amortization": 1479000.0,
            "income_before_tax": 51285000.0,
            "income_tax_expense": 21558000.0,
            "interest_and_debt_expense": 17106000.0,
            "net_income_from_continuing_operations": 29727000.0,
            "comprehensive_income_net_of_tax": 30646000.0,
            "ebit": 68391000.0,
            "ebitda": 69870000.0,
            "net_income": 29727000.0
        },
        {
            "fiscal_date_ending": "2016-09-30",
            "reported_currency": "USD",
            "gross_profit": 47834000.0,
            "total_revenue": 82612000.0,
            "cost_of_revenue": 34778000.0,
            "cost_of_goods_and_services_sold": 19600000.0,
            "operating_income": 19322000.0,
            "selling_general_and_administrative": 28852000.0,
            "research_and_development": null,
            "operating_expenses": 28512000.0,
            "investment_income_net": null,
            "net_interest_income": 69780000.0,
            "interest_income": 87480000.0,
            "interest_expense": 17700000.0,
            "non_interest_income": 14732000.0,
            "other_non_operating_income": null,
            "depreciation": null,
            "depreciation_and_amortization": 1353000.0,
            "income_before_tax": 49734000.0,
            "income_tax_expense": 20837000.0,
            "interest_and_debt_expense": 17700000.0,
            "net_income_from_continuing_operations": 28897000.0,
            "comprehensive_income_net_of_tax": 36802000.0,
            "ebit": 67434000.0,
            "ebitda": 68787000.0,
            "net_income": 28897000.0
        },
        {
            "fiscal_date_ending": "2016-12-31",
            "reported_currency": "USD",
            "gross_profit": 51561000.0,
            "total_revenue": 88961000.0,
            "cost_of_revenue": 37400000.0,
            "cost_of_goods_and_services_sold": 22040000.0,
            "operating_income": 22889000.0,
            "selling_general_and_administrative": 29294000.0,
            "research_and_development": null,
            "operating_expenses": 28672000.0,
            "investment_income_net": null,
            "net_interest_income": 76361000.0,
            "interest_income": 94301000.0,
            "interest_expense": 17940000.0,
            "non_interest_income": 16700000.0,
            "other_non_operating_income": null,
            "depreciation": null,
            "depreciation_and_amortization": 1411000.0,
            "income_before_tax": 55661000.0,
            "income_tax_expense": 23361000.0,
            "interest_and_debt_expense": 17940000.0,
            "net_income_from_continuing_operations": 32300000.0,
            "comprehensive_income_net_of_tax": 29198000.0,
            "ebit": 73601000.0,
            "ebitda": 75012000.0,
            "net_income": 32300000.0
        },
        {
            "fiscal_date_ending": "2017-03-31",
            "reported_currency": "USD",
            "gross_profit": 66555000.0,
            "total_revenue": 106865000.0,
            "cost_of_revenue": 40310000.0,
            "cost_of_goods_and_services_sold": 23266000.0,
            "operating_income": 34172000.0,
            "selling_general_and_administrative": 31172000.0,
            "research_and_development": null,
            "operating_expenses": 32383000.0,
            "investment_income_net": null,
            "net_interest_income": 88559000.0,
            "interest_income": 106962000.0,
            "interest_expense": 18403000.0,
            "non_interest_income": 23168000.0,
            "other_non_operating_income": null,
            "depreciation": null,
            "depreciation_and_amortization": 1552000.0,
            "income_before_tax": 71417000.0,
            "income_tax_expense": 30423000.0,
            "interest_and_debt_expense": 18403000.0,
            "net_income_from_continuing_operations": 40994000.0,
            "comprehensive_income_net_of_tax": 42333000.0,
            "ebit": 89820000.0,
            "ebitda": 91372000.0,
            "net_income": 40994000.0
        },
        {
            "fiscal_date_ending": "2017-06-30",
            "reported_currency": "USD",
            "gross_profit": 55681000.0,
            "total_revenue": 91860000.0,
            "cost_of_revenue": 36179000.0,
            "cost_of_goods_and_services_sold": 1000.0,
            "operating_income": 55681000.0,
            "selling_general_and_administrative": 36862000.0,
            "research_and_development": null,
            "operating_expenses": 38221000.0,
            "investment_income_net": null,
            "net_interest_income": 78527000.0,
            "interest_income": 98543000.0,
            "interest_expense": 20016000.0,
            "non_interest_income": 13533000.0,
            "other_non_operating_income": null,
            "depreciation": null,
            "depreciation_and_amortization": 1778000.0,
            "income_before_tax": 55881000.0,
            "income_tax_expense": 23332000.0,
            "interest_and_debt_expense": 20016000.0,
            "net_income_from_continuing_operations": 32549000.0,
            "comprehensive_income_net_of_tax": 34198000.0,
            "ebit": 75897000.0,
            "ebitda": 77675000.0,
            "net_income": 32549000.0
        },
        {
            "fiscal_date_ending": "2017-09-30",
            "reported_currency": "USD",
            "gross_profit": 53870000.0,
            "total_revenue": 92890000.0,
            "cost_of_revenue": 39020000.0,
            "cost_of_goods_and_services_sold": 23961000.0,
            "operating_income": 18937000.0,
            "selling_general_and_administrative": 33631000.0,
            "research_and_development": null,
            "operating_expenses": 34933000.0,
            "investment_income_net": null,
            "net_interest_income": 80550000.0,
            "interest_income": 103511000.0,
            "interest_expense": 22961000.0,
            "non_interest_income": 13340000.0,
            "other_non_operating_income": null,
            "depreciation": null,
            "depreciation_and_amortization": 1748000.0,
            "income_before_tax": 54870000.0,
            "income_tax_expense": 22487000.0,
            "interest_and_debt_expense": 22961000.0,
            "net_income_from_continuing_operations": 32383000.0,
            "comprehensive_income_net_of_tax": 31423000.0,
            "ebit": 77831000.0,
            "ebitda": 79579000.0,
            "net_income": 32383000.0
        },
        {
            "fiscal_date_ending": "2017-12-31",
            "reported_currency": "USD",
            "gross_profit": 52503000.0,
            "total_revenue": 97312000.0,
            "cost_of_revenue": 44809000.0,
            "cost_of_goods_and_services_sold": 27572000.0,
            "operating_income": 16080000.0,
            "selling_general_and_administrative": 36396000.0,
            "research_and_development": null,
            "operating_expenses": 36423000.0,
            "investment_income_net": null,
            "net_interest_income": 84213000.0,
            "interest_income": 107785000.0,
            "interest_expense": 23572000.0,
            "non_interest_income": 17099000.0,
            "other_non_operating_income": null,
            "depreciation": null,
            "depreciation_and_amortization": 1947000.0,
            "income_before_tax": 56503000.0,
            "income_tax_expense": 24845000.0,
            "interest_and_debt_expense": 23572000.0,
            "net_income_from_continuing_operations": 31658000.0,
            "comprehensive_income_net_of_tax": 32497000.0,
            "ebit": 80075000.0,
            "ebitda": 82022000.0,
            "net_income": 31658000.0
        },
        {
            "fiscal_date_ending": "2018-03-31",
            "reported_currency": "USD",
            "gross_profit": 60974000.0,
            "total_revenue": 123308000.0,
            "cost_of_revenue": 62334000.0,
            "cost_of_goods_and_services_sold": 45097000.0,
            "operating_income": 18705000.0,
            "selling_general_and_administrative": 40767000.0,
            "research_and_development": null,
            "operating_expenses": 42269000.0,
            "investment_income_net": null,
            "net_interest_income": 116683000.0,
            "interest_income": 144880000.0,
            "interest_expense": 28197000.0,
            "non_interest_income": 23525000.0,
            "other_non_operating_income": null,
            "depreciation": null,
            "depreciation_and_amortization": 2024000.0,
            "income_before_tax": 77874000.0,
            "income_tax_expense": 26621000.0,
            "interest_and_debt_expense": 28197000.0,
            "net_income_from_continuing_operations": 51253000.0,
            "comprehensive_income_net_of_tax": 49746000.0,
            "ebit": 106071000.0,
            "ebitda": 108095000.0,
            "net_income": 51253000.0
        },
        {
            "fiscal_date_ending": "2018-06-30",
            "reported_currency": "USD",
            "gross_profit": 46552000.0,
            "total_revenue": 100125000.0,
            "cost_of_revenue": 53573000.0,
            "cost_of_goods_and_services_sold": 35750000.0,
            "operating_income": 46552000.0,
            "selling_general_and_administrative": -52161000.0,
            "research_and_development": null,
            "operating_expenses": -52803000.0,
            "investment_income_net": null,
            "net_interest_income": 87048000.0,
            "interest_income": 118898000.0,
            "interest_expense": 31850000.0,
            "non_interest_income": 16977000.0,
            "other_non_operating_income": null,
            "depreciation": null,
            "depreciation_and_amortization": 2181000.0,
            "income_before_tax": 50452000.0,
            "income_tax_expense": 13335000.0,
            "interest_and_debt_expense": 31850000.0,
            "net_income_from_continuing_operations": 37117000.0,
            "comprehensive_income_net_of_tax": 37645000.0,
            "ebit": 82302000.0,
            "ebitda": 84483000.0,
            "net_income": 37117000.0
        },
        {
            "fiscal_date_ending": "2018-09-30",
            "reported_currency": "USD",
            "gross_profit": 48700000.0,
            "total_revenue": 102222000.0,
            "cost_of_revenue": 53522000.0,
            "cost_of_goods_and_services_sold": 37118000.0,
            "operating_income": 34046000.0,
            "selling_general_and_administrative": 14771000.0,
            "research_and_development": null,
            "operating_expenses": 14654000.0,
            "investment_income_net": null,
            "net_interest_income": 86279000.0,
            "interest_income": 122797000.0,
            "interest_expense": 36518000.0,
            "non_interest_income": 16543000.0,
            "other_non_operating_income": null,
            "depreciation": null,
            "depreciation_and_amortization": 3016000.0,
            "income_before_tax": 49300000.0,
            "income_tax_expense": 12459000.0,
            "interest_and_debt_expense": 36518000.0,
            "net_income_from_continuing_operations": 36841000.0,
            "comprehensive_income_net_of_tax": 37047000.0,
            "ebit": 85818000.0,
            "ebitda": 88834000.0,
            "net_income": 36841000.0
        },
        {
            "fiscal_date_ending": "2018-12-31",
            "reported_currency": "USD",
            "gross_profit": 48779000.0,
            "total_revenue": 104662000.0,
            "cost_of_revenue": 55883000.0,
            "cost_of_goods_and_services_sold": 43469000.0,
            "operating_income": 32264000.0,
            "selling_general_and_administrative": 14891000.0,
            "research_and_development": null,
            "operating_expenses": 16515000.0,
            "investment_income_net": null,
            "net_interest_income": 92720000.0,
            "interest_income": 131239000.0,
            "interest_expense": 38519000.0,
            "non_interest_income": 16892000.0,
            "other_non_operating_income": null,
            "depreciation": null,
            "depreciation_and_amortization": 3567000.0,
            "income_before_tax": 53729000.0,
            "income_tax_expense": 14894000.0,
            "interest_and_debt_expense": 38519000.0,
            "net_income_from_continuing_operations": 38835000.0,
            "comprehensive_income_net_of_tax": 39015000.0,
            "ebit": 92248000.0,
            "ebitda": 95815000.0,
            "net_income": 38835000.0
        },
        {
            "fiscal_date_ending": "2019-03-31",
            "reported_currency": "USD",
            "gross_profit": 35452000.0,
            "total_revenue": 136267000.0,
            "cost_of_revenue": 100815000.0,
            "cost_of_goods_and_services_sold": null,
            "operating_income": -7395000.0,
            "selling_general_and_administrative": 37522000.0,
            "research_and_development": null,
            "operating_expenses": 42847000.0,
            "investment_income_net": null,
            "net_interest_income": 129169000.0,
            "interest_income": 169208000.0,
            "interest_expense": 40039000.0,
            "non_interest_income": 26098000.0,
            "other_non_operating_income": null,
            "depreciation": null,
            "depreciation_and_amortization": 4765000.0,
            "income_before_tax": 54452000.0,
            "income_tax_expense": 15631000.0,
            "interest_and_debt_expense": 40039000.0,
            "net_income_from_continuing_operations": 38821000.0,
            "comprehensive_income_net_of_tax": 38530000.0,
            "ebit": 94491000.0,
            "ebitda": 99256000.0,
            "net_income": 38821000.0
        },
        {
            "fiscal_date_ending": "2019-06-30",
            "reported_currency": "USD",
            "gross_profit": 52525000.0,
            "total_revenue": 120861000.0,
            "cost_of_revenue": 68336000.0,
            "cost_of_goods_and_services_sold": null,
            "operating_income": 52525000.0,
            "selling_general_and_administrative": 18858000.0,
            "research_and_development": null,
            "operating_expenses": 20355000.0,
            "investment_income_net": null,
            "net_interest_income": 100437000.0,
            "interest_income": 141643000.0,
            "interest_expense": 41206000.0,
            "non_interest_income": 23224000.0,
            "other_non_operating_income": null,
            "depreciation": null,
            "depreciation_and_amortization": 352000.0,
            "income_before_tax": 55325000.0,
            "income_tax_expense": 14691000.0,
            "interest_and_debt_expense": 41206000.0,
            "net_income_from_continuing_operations": 40634000.0,
            "comprehensive_income_net_of_tax": 41168000.0,
            "ebit": 96531000.0,
            "ebitda": 96883000.0,
            "net_income": 40634000.0
        },
        {
            "fiscal_date_ending": "2019-09-30",
            "reported_currency": "USD",
            "gross_profit": 53972000.0,
            "total_revenue": 122139000.0,
            "cost_of_revenue": 68167000.0,
            "cost_of_goods_and_services_sold": null,
            "operating_income": 29435000.0,
            "selling_general_and_administrative": 21127000.0,
            "research_and_development": null,
            "operating_expenses": 24537000.0,
            "investment_income_net": null,
            "net_interest_income": 103303000.0,
            "interest_income": 146345000.0,
            "interest_expense": 43042000.0,
            "non_interest_income": 21536000.0,
            "other_non_operating_income": null,
            "depreciation": null,
            "depreciation_and_amortization": 5224000.0,
            "income_before_tax": 56672000.0,
            "income_tax_expense": 15886000.0,
            "interest_and_debt_expense": 43042000.0,
            "net_income_from_continuing_operations": 40786000.0,
            "comprehensive_income_net_of_tax": 41303000.0,
            "ebit": 99714000.0,
            "ebitda": 104938000.0,
            "net_income": 40786000.0
        },
        {
            "fiscal_date_ending": "2019-12-31",
            "reported_currency": "USD",
            "gross_profit": 53662000.0,
            "total_revenue": 125127000.0,
            "cost_of_revenue": 71465000.0,
            "cost_of_goods_and_services_sold": null,
            "operating_income": 24043000.0,
            "selling_general_and_administrative": 23643000.0,
            "research_and_development": null,
            "operating_expenses": 29619000.0,
            "investment_income_net": null,
            "net_interest_income": 108420000.0,
            "interest_income": 147288000.0,
            "interest_expense": 38868000.0,
            "non_interest_income": 21207000.0,
            "other_non_operating_income": null,
            "depreciation": null,
            "depreciation_and_amortization": 6040000.0,
            "income_before_tax": 58162000.0,
            "income_tax_expense": 16867000.0,
            "interest_and_debt_expense": 38868000.0,
            "net_income_from_continuing_operations": 41295000.0,
            "comprehensive_income_net_of_tax": 40515000.0,
            "ebit": 97030000.0,
            "ebitda": 103070000.0,
            "net_income": 41295000.0
        },
        {
            "fiscal_date_ending": "2020-03-31",
            "reported_currency": "USD",
            "gross_profit": 51368000.0,
            "total_revenue": 151658000.0,
            "cost_of_revenue": 100290000.0,
            "cost_of_goods_and_services_sold": null,
            "operating_income": 18721000.0,
            "selling_general_and_administrative": 24878000.0,
            "research_and_development": null,
            "operating_expenses": 32647000.0,
            "investment_income_net": null,
            "net_interest_income": 148616000.0,
            "interest_income": 185063000.0,
            "interest_expense": 36447000.0,
            "non_interest_income": 31542000.0,
            "other_non_operating_income": null,
            "depreciation": null,
            "depreciation_and_amortization": 6197000.0,
            "income_before_tax": 79868000.0,
            "income_tax_expense": 23811000.0,
            "interest_and_debt_expense": 36447000.0,
            "net_income_from_continuing_operations": 56057000.0,
            "comprehensive_income_net_of_tax": 53578000.0,
            "ebit": 116315000.0,
            "ebitda": 122512000.0,
            "net_income": 56057000.0
        },
        {
            "fiscal_date_ending": "2020-06-30",
            "reported_currency": "USD",
            "gross_profit": 61430000.0,
            "total_revenue": 139474000.0,
            "cost_of_revenue": 78044000.0,
            "cost_of_goods_and_services_sold": null,
            "operating_income": 61430000.0,
            "selling_general_and_administrative": 22070000.0,
            "research_and_development": null,
            "operating_expenses": 21154000.0,
            "investment_income_net": null,
            "net_interest_income": 117272000.0,
            "interest_income": 144143000.0,
            "interest_expense": 26871000.0,
            "non_interest_income": 28702000.0,
            "other_non_operating_income": null,
            "depreciation": null,
            "depreciation_and_amortization": -2561000.0,
            "income_before_tax": 67930000.0,
            "income_tax_expense": 22630000.0,
            "interest_and_debt_expense": 26871000.0,
            "net_income_from_continuing_operations": 45300000.0,
            "comprehensive_income_net_of_tax": 47089000.0,
            "ebit": 94801000.0,
            "ebitda": 92240000.0,
            "net_income": 45300000.0
        },
        {
            "fiscal_date_ending": "2020-09-30",
            "reported_currency": "USD",
            "gross_profit": 64036000.0,
            "total_revenue": 151382000.0,
            "cost_of_revenue": 87346000.0,
            "cost_of_goods_and_services_sold": null,
            "operating_income": 33150000.0,
            "selling_general_and_administrative": 22777000.0,
            "research_and_development": null,
            "operating_expenses": 30886000.0,
            "investment_income_net": null,
            "net_interest_income": 127327000.0,
            "interest_income": 149889000.0,
            "interest_expense": 22562000.0,
            "non_interest_income": 35855000.0,
            "other_non_operating_income": null,
            "depreciation": null,
            "depreciation_and_amortization": 6186000.0,
            "income_before_tax": 75836000.0,
            "income_tax_expense": 22814000.0,
            "interest_and_debt_expense": 22562000.0,
            "net_income_from_continuing_operations": 53022000.0,
            "comprehensive_income_net_of_tax": 54304000.0,
            "ebit": 98398000.0,
            "ebitda": 104584000.0,
            "net_income": 53022000.0
        },
        {
            "fiscal_date_ending": "2020-12-31",
            "reported_currency": "USD",
            "gross_profit": 70513000.0,
            "total_revenue": 154810000.0,
            "cost_of_revenue": 84297000.0,
            "cost_of_goods_and_services_sold": null,
            "operating_income": 38304000.0,
            "selling_general_and_administrative": 24052000.0,
            "research_and_development": null,
            "operating_expenses": 32209000.0,
            "investment_income_net": null,
            "net_interest_income": 134092000.0,
            "interest_income": 155379000.0,
            "interest_expense": 21287000.0,
            "non_interest_income": 28718000.0,
            "other_non_operating_income": null,
            "depreciation": null,
            "depreciation_and_amortization": 5862000.0,
            "income_before_tax": 78513000.0,
            "income_tax_expense": 23728000.0,
            "interest_and_debt_expense": 21287000.0,
            "net_income_from_continuing_operations": 54785000.0,
            "comprehensive_income_net_of_tax": 55691000.0,
            "ebit": 99800000.0,
            "ebitda": 105662000.0,
            "net_income": 54785000.0
        },
        {
            "fiscal_date_ending": "2021-03-31",
            "reported_currency": "USD",
            "gross_profit": 73349000.0,
            "total_revenue": 156856000.0,
            "cost_of_revenue": 83507000.0,
            "cost_of_goods_and_services_sold": null,
            "operating_income": 37504000.0,
            "selling_general_and_administrative": 26916000.0,
            "research_and_development": null,
            "operating_expenses": 35845000.0,
            "investment_income_net": null,
            "net_interest_income": 135669000.0,
            "interest_income": 155674000.0,
            "interest_expense": 20005000.0,
            "non_interest_income": 23887000.0,
            "other_non_operating_income": null,
            "depreciation": null,
            "depreciation_and_amortization": 5865000.0,
            "income_before_tax": 76049000.0,
            "income_tax_expense": 22404000.0,
            "interest_and_debt_expense": 20005000.0,
            "net_income_from_continuing_operations": 53645000.0,
            "comprehensive_income_net_of_tax": 54687000.0,
            "ebit": 96054000.0,
            "ebitda": 101919000.0,
            "net_income": 53645000.0
        },
        {
            "fiscal_date_ending": "2021-06-30",
            "reported_currency": "USD",
            "gross_profit": 74095000.0,
            "total_revenue": 157205000.0,
            "cost_of_revenue": 83110000.0,
            "cost_of_goods_and_services_sold": null,
            "operating_income": 74095000.0,
            "selling_general_and_administrative": 39508000.0,
            "research_and_development": null,
            "operating_expenses": 39374000.0,
            "investment_income_net": null,
            "net_interest_income": 141654000.0,
            "interest_income": 156921000.0,
            "interest_expense": 15267000.0,
            "non_interest_income": 16801000.0,
            "other_non_operating_income": null,
            "depreciation": null,
            "depreciation_and_amortization": 6211000.0,
            "income_before_tax": 75345000.0,
            "income_tax_expense": 21090000.0,
            "interest_and_debt_expense": 15267000.0,
            "net_income_from_continuing_operations": 54255000.0,
            "comprehensive_income_net_of_tax": 54469000.0,
            "ebit": 90612000.0,
            "ebitda": 96823000.0,
            "net_income": 54255000.0
        },
        {
            "fiscal_date_ending": "2021-09-30",
            "reported_currency": "USD",
            "gross_profit": 80913000.0,
            "total_revenue": 169344000.0,
            "cost_of_revenue": 88431000.0,
            "cost_of_goods_and_services_sold": null,
            "operating_income": 42683000.0,
            "selling_general_and_administrative": 28514000.0,
            "research_and_development": null,
            "operating_expenses": 38230000.0,
            "investment_income_net": null,
            "net_interest_income": 146642000.0,
            "interest_income": 158310000.0,
            "interest_expense": 11668000.0,
            "non_interest_income": 26702000.0,
            "other_non_operating_income": null,
            "depreciation": null,
            "depreciation_and_amortization": 5728000.0,
            "income_before_tax": 84913000.0,
            "income_tax_expense": 24703000.0,
            "interest_and_debt_expense": 11668000.0,
            "net_income_from_continuing_operations": 60210000.0,
            "comprehensive_income_net_of_tax": 59703000.0,
            "ebit": 96581000.0,
            "ebitda": 102309000.0,
            "net_income": 60210000.0
        },
        {
            "fiscal_date_ending": "2021-12-31",
            "reported_currency": "USD",
            "gross_profit": 82336000.0,
            "total_revenue": 172355000.0,
            "cost_of_revenue": 90019000.0,
            "cost_of_goods_and_services_sold": null,
            "operating_income": 42141000.0,
            "selling_general_and_administrative": 29760000.0,
            "research_and_development": null,
            "operating_expenses": 40195000.0,
            "investment_income_net": null,
            "net_interest_income": 145568000.0,
            "interest_income": 157076000.0,
            "interest_expense": 11508000.0,
            "non_interest_income": 30787000.0,
            "other_non_operating_income": null,
            "depreciation": null,
            "depreciation_and_amortization": 6785000.0,
            "income_before_tax": 86336000.0,
            "income_tax_expense": 25549000.0,
            "interest_and_debt_expense": 11508000.0,
            "net_income_from_continuing_operations": 60787000.0,
            "comprehensive_income_net_of_tax": 60131000.0,
            "ebit": 97844000.0,
            "ebitda": 104629000.0,
            "net_income": 60787000.0
        },
        {
            "fiscal_date_ending": "2022-03-31",
            "reported_currency": "USD",
            "gross_profit": 82493000.0,
            "total_revenue": 173812000.0,
            "cost_of_revenue": 91319000.0,
            "cost_of_goods_and_services_sold": null,
            "operating_income": 45725000.0,
            "selling_general_and_administrative": 27207000.0,
            "research_and_development": null,
            "operating_expenses": 36768000.0,
            "investment_income_net": null,
            "net_interest_income": 149538000.0,
            "interest_income": 160181000.0,
            "interest_expense": 10643000.0,
            "non_interest_income": 28774000.0,
            "other_non_operating_income": null,
            "depreciation": null,
            "depreciation_and_amortization": 6061000.0,
            "income_before_tax": 86993000.0,
            "income_tax_expense": 25170000.0,
            "interest_and_debt_expense": 10643000.0,
            "net_income_from_continuing_operations": 61823000.0,
            "comprehensive_income_net_of_tax": 58853000.0,
            "ebit": 97636000.0,
            "ebitda": 103697000.0,
            "net_income": 61823000.0
        },
        {
            "fiscal_date_ending": "2022-06-30",
            "reported_currency": "USD",
            "gross_profit": 75717000.0,
            "total_revenue": 186510000.0,
            "cost_of_revenue": 110793000.0,
            "cost_of_goods_and_services_sold": null,
            "operating_income": 22667000.0,
            "selling_general_and_administrative": 54643000.0,
            "research_and_development": null,
            "operating_expenses": 53050000.0,
            "investment_income_net": null,
            "net_interest_income": 165410000.0,
            "interest_income": 184161000.0,
            "interest_expense": 18751000.0,
            "non_interest_income": 27100000.0,
            "other_non_operating_income": null,
            "depreciation": null,
            "depreciation_and_amortization": 6022000.0,
            "income_before_tax": 81717000.0,
            "income_tax_expense": 23821000.0,
            "interest_and_debt_expense": 18751000.0,
            "net_income_from_continuing_operations": 57896000.0,
            "comprehensive_income_net_of_tax": 56589000.0,
            "ebit": 100468000.0,
            "ebitda": 106490000.0,
            "net_income": 57896000.0
        },
        {
            "fiscal_date_ending": "2022-09-30",
            "reported_currency": "USD",
            "gross_profit": 74096000.0,
            "total_revenue": 198933000.0,
            "cost_of_revenue": 124837000.0,
            "cost_of_goods_and_services_sold": null,
            "operating_income": 12794000.0,
            "selling_general_and_administrative": 52379000.0,
            "research_and_development": null,
            "operating_expenses": 61302000.0,
            "investment_income_net": null,
            "net_interest_income": 180475000.0,
            "interest_income": 223786000.0,
            "interest_expense": 43311000.0,
            "non_interest_income": 27208000.0,
            "other_non_operating_income": null,
            "depreciation": null,
            "depreciation_and_amortization": 6094000.0,
            "income_before_tax": 82846000.0,
            "income_tax_expense": 24439000.0,
            "interest_and_debt_expense": 43311000.0,
            "net_income_from_continuing_operations": 58407000.0,
            "comprehensive_income_net_of_tax": 55570000.0,
            "ebit": 126157000.0,
            "ebitda": 132251000.0,
            "net_income": 58407000.0
        },
        {
            "fiscal_date_ending": "2022-12-31",
            "reported_currency": "USD",
            "gross_profit": 113711000.0,
            "total_revenue": 224739000.0,
            "cost_of_revenue": 111028000.0,
            "cost_of_goods_and_services_sold": null,
            "operating_income": 63155000.0,
            "selling_general_and_administrative": 40860000.0,
            "research_and_development": null,
            "operating_expenses": 50556000.0,
            "investment_income_net": null,
            "net_interest_income": 199910000.0,
            "interest_income": 279588000.0,
            "interest_expense": 79678000.0,
            "non_interest_income": 28329000.0,
            "other_non_operating_income": null,
            "depreciation": null,
            "depreciation_and_amortization": 5957000.0,
            "income_before_tax": 117211000.0,
            "income_tax_expense": 35659000.0,
            "interest_and_debt_expense": 79678000.0,
            "net_income_from_continuing_operations": 81552000.0,
            "comprehensive_income_net_of_tax": 80377000.0,
            "ebit": 196889000.0,
            "ebitda": 202846000.0,
            "net_income": 81552000.0
        },
        {
            "fiscal_date_ending": "2023-03-31",
            "reported_currency": "USD",
            "gross_profit": 109184000.0,
            "total_revenue": 225728000.0,
            "cost_of_revenue": 116544000.0,
            "cost_of_goods_and_services_sold": null,
            "operating_income": 58918000.0,
            "selling_general_and_administrative": 41239000.0,
            "research_and_development": null,
            "operating_expenses": 50266000.0,
            "investment_income_net": null,
            "net_interest_income": 198982000.0,
            "interest_income": 307334000.0,
            "interest_expense": 108352000.0,
            "non_interest_income": 32246000.0,
            "other_non_operating_income": null,
            "depreciation": null,
            "depreciation_and_amortization": 5671000.0,
            "income_before_tax": 114684000.0,
            "income_tax_expense": 34834000.0,
            "interest_and_debt_expense": 108352000.0,
            "net_income_from_continuing_operations": 79850000.0,
            "comprehensive_income_net_of_tax": 81222000.0,
            "ebit": 223036000.0,
            "ebitda": 228707000.0,
            "net_income": 79850000.0
        },
        {
            "fiscal_date_ending": "2023-06-30",
            "reported_currency": "USD",
            "gross_profit": 110003000.0,
            "total_revenue": 229459000.0,
            "cost_of_revenue": 119456000.0,
            "cost_of_goods_and_services_sold": null,
            "operating_income": 22964000.0,
            "selling_general_and_administrative": 77865000.0,
            "research_and_development": null,
            "operating_expenses": 87039000.0,
            "investment_income_net": null,
            "net_interest_income": 203754000.0,
            "interest_income": 346430000.0,
            "interest_expense": 142676000.0,
            "non_interest_income": 32705000.0,
            "other_non_operating_income": null,
            "depreciation": null,
            "depreciation_and_amortization": 5665000.0,
            "income_before_tax": 117003000.0,
            "income_tax_expense": 29647000.0,
            "interest_and_debt_expense": 142676000.0,
            "net_income_from_continuing_operations": 87356000.0,
            "comprehensive_income_net_of_tax": 86319000.0,
            "ebit": 259679000.0,
            "ebitda": 265344000.0,
            "net_income": 87356000.0
        },
        {
            "fiscal_date_ending": "2023-09-30",
            "reported_currency": "USD",
            "gross_profit": 118156000.0,
            "total_revenue": 238662000.0,
            "cost_of_revenue": 120506000.0,
            "cost_of_goods_and_services_sold": null,
            "operating_income": 61756000.0,
            "selling_general_and_administrative": 46510000.0,
            "research_and_development": null,
            "operating_expenses": 56400000.0,
            "investment_income_net": null,
            "net_interest_income": 211155000.0,
            "interest_income": 363952000.0,
            "interest_expense": 152797000.0,
            "non_interest_income": 34507000.0,
            "other_non_operating_income": null,
            "depreciation": null,
            "depreciation_and_amortization": 5878000.0,
            "income_before_tax": 118156000.0,
            "income_tax_expense": 35511000.0,
            "interest_and_debt_expense": 152797000.0,
            "net_income_from_continuing_operations": 82645000.0,
            "comprehensive_income_net_of_tax": 82867000.0,
            "ebit": 270953000.0,
            "ebitda": 276831000.0,
            "net_income": 82645000.0
        },
        {
            "fiscal_date_ending": "2023-12-31",
            "reported_currency": "USD",
            "gross_profit": 217396000.0,
            "total_revenue": 339235000.0,
            "cost_of_revenue": 121839000.0,
            "cost_of_goods_and_services_sold": null,
            "operating_income": 162376000.0,
            "selling_general_and_administrative": 42584000.0,
            "research_and_development": null,
            "operating_expenses": 55020000.0,
            "investment_income_net": null,
            "net_interest_income": 228606000.0,
            "interest_income": 394663000.0,
            "interest_expense": 166057000.0,
            "non_interest_income": 124129000.0,
            "other_non_operating_income": null,
            "depreciation": null,
            "depreciation_and_amortization": 6488000.0,
            "income_before_tax": 217396000.0,
            "income_tax_expense": 65625000.0,
            "interest_and_debt_expense": 166057000.0,
            "net_income_from_continuing_operations": 151771000.0,
            "comprehensive_income_net_of_tax": 154240000.0,
            "ebit": 383453000.0,
            "ebitda": 389941000.0,
            "net_income": 151771000.0
        },
        {
            "fiscal_date_ending": "2024-03-31",
            "reported_currency": "USD",
            "gross_profit": 155541000.0,
            "total_revenue": 288769000.0,
            "cost_of_revenue": 133228000.0,
            "cost_of_goods_and_services_sold": 33163000.0,
            "operating_income": 99218000.0,
            "selling_general_and_administrative": 44643000.0,
            "research_and_development": null,
            "operating_expenses": 56323000.0,
            "investment_income_net": null,
            "net_interest_income": 261606000.0,
            "interest_income": 443564000.0,
            "interest_expense": 181958000.0,
            "non_interest_income": 33163000.0,
            "other_non_operating_income": null,
            "depreciation": null,
            "depreciation_and_amortization": 7221000.0,
            "income_before_tax": 155541000.0,
            "income_tax_expense": 44821000.0,
            "interest_and_debt_expense": 181958000.0,
            "net_income_from_continuing_operations": 110720000.0,
            "comprehensive_income_net_of_tax": 111575000.0,
            "ebit": 337499000.0,
            "ebitda": 344720000.0,
            "net_income": 110720000.0
        },
        {
            "fiscal_date_ending": "2024-06-30",
            "reported_currency": "USD",
            "gross_profit": 144388000.0,
            "total_revenue": 284923000.0,
            "cost_of_revenue": 140535000.0,
            "cost_of_goods_and_services_sold": 33163000.0,
            "operating_income": 41046000.0,
            "selling_general_and_administrative": 92002000.0,
            "research_and_development": null,
            "operating_expenses": 103342000.0,
            "investment_income_net": null,
            "net_interest_income": 260062000.0,
            "interest_income": 453428000.0,
            "interest_expense": 193366000.0,
            "non_interest_income": 30861000.0,
            "other_non_operating_income": null,
            "depreciation": null,
            "depreciation_and_amortization": 7499000.0,
            "income_before_tax": 144388000.0,
            "income_tax_expense": 39516000.0,
            "interest_and_debt_expense": -501043000.0,
            "net_income_from_continuing_operations": 104872000.0,
            "comprehensive_income_net_of_tax": 105470000.0,
            "ebit": 337754000.0,
            "ebitda": 345253000.0,
            "net_income": 104872000.0
        },
        {
            "fiscal_date_ending": "2024-09-30",
            "reported_currency": "USD",
            "gross_profit": 159192000.0,
            "total_revenue": 306657000.0,
            "cost_of_revenue": 147465000.0,
            "cost_of_goods_and_services_sold": -167912000.0,
            "operating_income": 96294000.0,
            "selling_general_and_administrative": 51141000.0,
            "research_and_development": null,
            "operating_expenses": 62898000.0,
            "investment_income_net": null,
            "net_interest_income": 292048000.0,
            "interest_income": 484262000.0,
            "interest_expense": 192214000.0,
            "non_interest_income": 28609000.0,
            "other_non_operating_income": null,
            "depreciation": null,
            "depreciation_and_amortization": 7450000.0,
            "income_before_tax": 159192000.0,
            "income_tax_expense": 46852000.0,
            "interest_and_debt_expense": -604000.0,
            "net_income_from_continuing_operations": 112340000.0,
            "comprehensive_income_net_of_tax": 114041000.0,
            "ebit": 351406000.0,
            "ebitda": 358856000.0,
            "net_income": 112340000.0
        }
    ],
    "total_quarters": 57,
    "date_range": {
        "start": "2010-09-30",
        "end": "2024-09-30"
    }
}