{
    "symbol": "BAC",
    "quarterly_reports": [
        {
            "fiscal_date_ending": "2008-06-30",
            "reported_currency": "USD",
            "gross_profit": 17616000000.0,
            "total_revenue": 20410000000.0,
            "cost_of_revenue": 2699000000.0,
            "cost_of_goods_and_services_sold": 2699000000.0,
            "operating_income": 16395000000.0,
            "selling_general_and_administrative": 4420000000.0,
            "research_and_development": null,
            "operating_expenses": 3632000000.0,
            "investment_income_net": null,
            "net_interest_income": 10621000000.0,
            "interest_income": 20027000000.0,
            "interest_expense": 9406000000.0,
            "non_interest_income": 9789000000.0,
            "other_non_operating_income": null,
            "depreciation": null,
            "depreciation_and_amortization": 795000000.0,
            "income_before_tax": 4921000000.0,
            "income_tax_expense": 1511000000.0,
            "interest_and_debt_expense": null,
            "net_income_from_continuing_operations": null,
            "comprehensive_income_net_of_tax": null,
            "ebit": 14327000000.0,
            "ebitda": 17190000000.0,
            "net_income": 3410000000.0
        },
        {
            "fiscal_date_ending": "2008-09-30",
            "reported_currency": "USD",
            "gross_profit": 15942000000.0,
            "total_revenue": 19621000000.0,
            "cost_of_revenue": 3679000000.0,
            "cost_of_goods_and_services_sold": 3679000000.0,
            "operating_income": 17488000000.0,
            "selling_general_and_administrative": 5198000000.0,
            "research_and_development": null,
            "operating_expenses": 4708000000.0,
            "investment_income_net": null,
            "net_interest_income": 11642000000.0,
            "interest_income": 22196000000.0,
            "interest_expense": 10554000000.0,
            "non_interest_income": 7979000000.0,
            "other_non_operating_income": null,
            "depreciation": null,
            "depreciation_and_amortization": 862000000.0,
            "income_before_tax": 1511000000.0,
            "income_tax_expense": 334000000.0,
            "interest_and_debt_expense": null,
            "net_income_from_continuing_operations": null,
            "comprehensive_income_net_of_tax": null,
            "ebit": 12065000000.0,
            "ebitda": 18350000000.0,
            "net_income": 1177000000.0
        },
        {
            "fiscal_date_ending": "2008-12-31",
            "reported_currency": "USD",
            "gross_profit": 12180000000.0,
            "total_revenue": 15680000000.0,
            "cost_of_revenue": 4291000000.0,
            "cost_of_goods_and_services_sold": 4291000000.0,
            "operating_income": 8220000000.0,
            "selling_general_and_administrative": 7638000000.0,
            "research_and_development": null,
            "operating_expenses": 3960000000.0,
            "investment_income_net": null,
            "net_interest_income": 13106000000.0,
            "interest_income": 21602000000.0,
            "interest_expense": 8496000000.0,
            "non_interest_income": 2574000000.0,
            "other_non_operating_income": null,
            "depreciation": null,
            "depreciation_and_amortization": 477000000.0,
            "income_before_tax": -3802000000.0,
            "income_tax_expense": -2013000000.0,
            "interest_and_debt_expense": null,
            "net_income_from_continuing_operations": null,
            "comprehensive_income_net_of_tax": null,
            "ebit": 4694000000.0,
            "ebitda": 8697000000.0,
            "net_income": -1789000000.0
        },
        {
            "fiscal_date_ending": "2009-03-31",
            "reported_currency": "USD",
            "gross_profit": 30710000000.0,
            "total_revenue": 35758000000.0,
            "cost_of_revenue": 5048000000.0,
            "cost_of_goods_and_services_sold": 5048000000.0,
            "operating_income": 16182000000.0,
            "selling_general_and_administrative": 13041000000.0,
            "research_and_development": null,
            "operating_expenses": 5974000000.0,
            "investment_income_net": null,
            "net_interest_income": 12497000000.0,
            "interest_income": 22156000000.0,
            "interest_expense": 9659000000.0,
            "non_interest_income": 23261000000.0,
            "other_non_operating_income": null,
            "depreciation": null,
            "depreciation_and_amortization": 1098000000.0,
            "income_before_tax": 5376000000.0,
            "income_tax_expense": 1129000000.0,
            "interest_and_debt_expense": null,
            "net_income_from_continuing_operations": null,
            "comprehensive_income_net_of_tax": null,
            "ebit": 15035000000.0,
            "ebitda": 17280000000.0,
            "net_income": 4247000000.0
        },
        {
            "fiscal_date_ending": "2009-06-30",
            "reported_currency": "USD",
            "gross_profit": 15754000000.0,
            "total_revenue": 32774000000.0,
            "cost_of_revenue": 17020000000.0,
            "cost_of_goods_and_services_sold": 5876000000.0,
            "operating_income": 4764000000.0,
            "selling_general_and_administrative": 9255000000.0,
            "research_and_development": null,
            "operating_expenses": 18320000000.0,
            "investment_income_net": null,
            "net_interest_income": 11630000000.0,
            "interest_income": 19592000000.0,
            "interest_expense": 7962000000.0,
            "non_interest_income": 21144000000.0,
            "other_non_operating_income": null,
            "depreciation": null,
            "depreciation_and_amortization": 516000000.0,
            "income_before_tax": 2379000000.0,
            "income_tax_expense": -845000000.0,
            "interest_and_debt_expense": 7962000000.0,
            "net_income_from_continuing_operations": 6448000000.0,
            "comprehensive_income_net_of_tax": 3224000000.0,
            "ebit": 10341000000.0,
            "ebitda": 10857000000.0,
            "net_income": 3224000000.0
        },
        {
            "fiscal_date_ending": "2009-09-30",
            "reported_currency": "USD",
            "gross_profit": 9729000000.0,
            "total_revenue": 26035000000.0,
            "cost_of_revenue": 16306000000.0,
            "cost_of_goods_and_services_sold": 5604000000.0,
            "operating_income": -1599000000.0,
            "selling_general_and_administrative": 9036000000.0,
            "research_and_development": null,
            "operating_expenses": 16874000000.0,
            "investment_income_net": null,
            "net_interest_income": 11423000000.0,
            "interest_income": 18523000000.0,
            "interest_expense": 7100000000.0,
            "non_interest_income": 14612000000.0,
            "other_non_operating_income": null,
            "depreciation": null,
            "depreciation_and_amortization": 510000000.0,
            "income_before_tax": -1976000000.0,
            "income_tax_expense": -975000000.0,
            "interest_and_debt_expense": 7100000000.0,
            "net_income_from_continuing_operations": -1001000000.0,
            "comprehensive_income_net_of_tax": -1001000000.0,
            "ebit": 5124000000.0,
            "ebitda": 5634000000.0,
            "net_income": -1001000000.0
        },
        {
            "fiscal_date_ending": "2009-12-31",
            "reported_currency": "USD",
            "gross_profit": 8691000000.0,
            "total_revenue": 25076000000.0,
            "cost_of_revenue": 16385000000.0,
            "cost_of_goods_and_services_sold": 5824000000.0,
            "operating_income": -2676000000.0,
            "selling_general_and_administrative": 8826000000.0,
            "research_and_development": null,
            "operating_expenses": 16414000000.0,
            "investment_income_net": null,
            "net_interest_income": 11559000000.0,
            "interest_income": 17645000000.0,
            "interest_expense": 6086000000.0,
            "non_interest_income": 13517000000.0,
            "other_non_operating_income": null,
            "depreciation": null,
            "depreciation_and_amortization": 432000000.0,
            "income_before_tax": -1419000000.0,
            "income_tax_expense": -1225000000.0,
            "interest_and_debt_expense": 6086000000.0,
            "net_income_from_continuing_operations": -194000000.0,
            "comprehensive_income_net_of_tax": 460000000.0,
            "ebit": 4667000000.0,
            "ebitda": 5099000000.0,
            "net_income": -194000000.0
        },
        {
            "fiscal_date_ending": "2010-03-31",
            "reported_currency": "USD",
            "gross_profit": 14194000000.0,
            "total_revenue": 31969000000.0,
            "cost_of_revenue": 17775000000.0,
            "cost_of_goods_and_services_sold": 5668000000.0,
            "operating_income": 1436000000.0,
            "selling_general_and_administrative": 10623000000.0,
            "research_and_development": null,
            "operating_expenses": 18154000000.0,
            "investment_income_net": null,
            "net_interest_income": 13749000000.0,
            "interest_income": 19879000000.0,
            "interest_expense": 6130000000.0,
            "non_interest_income": 18220000000.0,
            "other_non_operating_income": null,
            "depreciation": null,
            "depreciation_and_amortization": 446000000.0,
            "income_before_tax": 4389000000.0,
            "income_tax_expense": 1207000000.0,
            "interest_and_debt_expense": 6130000000.0,
            "net_income_from_continuing_operations": 3182000000.0,
            "comprehensive_income_net_of_tax": 3856000000.0,
            "ebit": 10519000000.0,
            "ebitda": 10965000000.0,
            "net_income": 3182000000.0
        },
        {
            "fiscal_date_ending": "2010-06-30",
            "reported_currency": "USD",
            "gross_profit": 3795000000.0,
            "total_revenue": 29153000000.0,
            "cost_of_revenue": 25358000000.0,
            "cost_of_goods_and_services_sold": 5387000000.0,
            "operating_income": -8924000000.0,
            "selling_general_and_administrative": 10275000000.0,
            "research_and_development": null,
            "operating_expenses": 18913000000.0,
            "investment_income_net": 535000000.0,
            "net_interest_income": 12900000000.0,
            "interest_income": 19119000000.0,
            "interest_expense": 6219000000.0,
            "non_interest_income": 16253000000.0,
            "other_non_operating_income": null,
            "depreciation": null,
            "depreciation_and_amortization": 439000000.0,
            "income_before_tax": 3795000000.0,
            "income_tax_expense": 672000000.0,
            "interest_and_debt_expense": 6231000000.0,
            "net_income_from_continuing_operations": 3123000000.0,
            "comprehensive_income_net_of_tax": 3123000000.0,
            "ebit": 10014000000.0,
            "ebitda": 10453000000.0,
            "net_income": 3123000000.0
        },
        {
            "fiscal_date_ending": "2010-09-30",
            "reported_currency": "USD",
            "gross_profit": -5911000000.0,
            "total_revenue": 26700000000.0,
            "cost_of_revenue": 32611000000.0,
            "cost_of_goods_and_services_sold": 5456000000.0,
            "operating_income": -28561000000.0,
            "selling_general_and_administrative": 9862000000.0,
            "research_and_development": null,
            "operating_expenses": 27541000000.0,
            "investment_income_net": null,
            "net_interest_income": 12435000000.0,
            "interest_income": 18209000000.0,
            "interest_expense": 5774000000.0,
            "non_interest_income": 14265000000.0,
            "other_non_operating_income": null,
            "depreciation": 538000000.0,
            "depreciation_and_amortization": 426000000.0,
            "income_before_tax": -5912000000.0,
            "income_tax_expense": 1387000000.0,
            "interest_and_debt_expense": 5774000000.0,
            "net_income_from_continuing_operations": -7299000000.0,
            "comprehensive_income_net_of_tax": -7299000000.0,
            "ebit": -138000000.0,
            "ebitda": 288000000.0,
            "net_income": -7299000000.0
        },
        {
            "fiscal_date_ending": "2010-12-31",
            "reported_currency": "USD",
            "gross_profit": -3562000000.0,
            "total_revenue": 22398000000.0,
            "cost_of_revenue": 25960000000.0,
            "cost_of_goods_and_services_sold": 6879000000.0,
            "operating_income": -18520000000.0,
            "selling_general_and_administrative": 10312000000.0,
            "research_and_development": null,
            "operating_expenses": 19937000000.0,
            "investment_income_net": 0.0,
            "net_interest_income": 12439000000.0,
            "interest_income": 18290000000.0,
            "interest_expense": 5851000000.0,
            "non_interest_income": 9959000000.0,
            "other_non_operating_income": null,
            "depreciation": 530000000.0,
            "depreciation_and_amortization": 420000000.0,
            "income_before_tax": -3595000000.0,
            "income_tax_expense": -2351000000.0,
            "interest_and_debt_expense": 5851000000.0,
            "net_income_from_continuing_operations": -1244000000.0,
            "comprehensive_income_net_of_tax": -1157000000.0,
            "ebit": 2256000000.0,
            "ebitda": 2676000000.0,
            "net_income": -1244000000.0
        },
        {
            "fiscal_date_ending": "2011-03-31",
            "reported_currency": "USD",
            "gross_profit": 2678000000.0,
            "total_revenue": 26877000000.0,
            "cost_of_revenue": 24199000000.0,
            "cost_of_goods_and_services_sold": 7252000000.0,
            "operating_income": -11436000000.0,
            "selling_general_and_administrative": 11798000000.0,
            "research_and_development": null,
            "operating_expenses": 19311000000.0,
            "investment_income_net": null,
            "net_interest_income": 12179000000.0,
            "interest_income": 17922000000.0,
            "interest_expense": 5743000000.0,
            "non_interest_income": 14698000000.0,
            "other_non_operating_income": null,
            "depreciation": 507000000.0,
            "depreciation_and_amortization": 385000000.0,
            "income_before_tax": 2780000000.0,
            "income_tax_expense": 731000000.0,
            "interest_and_debt_expense": 5743000000.0,
            "net_income_from_continuing_operations": 2049000000.0,
            "comprehensive_income_net_of_tax": 2578000000.0,
            "ebit": 8523000000.0,
            "ebitda": 8908000000.0,
            "net_income": 2049000000.0
        },
        {
            "fiscal_date_ending": "2011-06-30",
            "reported_currency": "USD",
            "gross_profit": -12880000000.0,
            "total_revenue": 13236000000.0,
            "cost_of_revenue": 26116000000.0,
            "cost_of_goods_and_services_sold": 8181000000.0,
            "operating_income": -31100000000.0,
            "selling_general_and_administrative": 10765000000.0,
            "research_and_development": null,
            "operating_expenses": 23123000000.0,
            "investment_income_net": null,
            "net_interest_income": 11246000000.0,
            "interest_income": 17048000000.0,
            "interest_expense": 5802000000.0,
            "non_interest_income": 1990000000.0,
            "other_non_operating_income": null,
            "depreciation": 495000000.0,
            "depreciation_and_amortization": 382000000.0,
            "income_before_tax": -12875000000.0,
            "income_tax_expense": -4049000000.0,
            "interest_and_debt_expense": 5802000000.0,
            "net_income_from_continuing_operations": -8579000000.0,
            "comprehensive_income_net_of_tax": -8496000000.0,
            "ebit": -7073000000.0,
            "ebitda": -6691000000.0,
            "net_income": -8826000000.0
        },
        {
            "fiscal_date_ending": "2011-09-30",
            "reported_currency": "USD",
            "gross_profit": 10840000000.0,
            "total_revenue": 28453000000.0,
            "cost_of_revenue": 17613000000.0,
            "cost_of_goods_and_services_sold": 5671000000.0,
            "operating_income": -2851000000.0,
            "selling_general_and_administrative": 10452000000.0,
            "research_and_development": null,
            "operating_expenses": 18317000000.0,
            "investment_income_net": null,
            "net_interest_income": 10490000000.0,
            "interest_income": 15853000000.0,
            "interest_expense": 5363000000.0,
            "non_interest_income": 17963000000.0,
            "other_non_operating_income": null,
            "depreciation": 494000000.0,
            "depreciation_and_amortization": 377000000.0,
            "income_before_tax": 7433000000.0,
            "income_tax_expense": 1201000000.0,
            "interest_and_debt_expense": 5363000000.0,
            "net_income_from_continuing_operations": 6481000000.0,
            "comprehensive_income_net_of_tax": 3368000000.0,
            "ebit": 12796000000.0,
            "ebitda": 13173000000.0,
            "net_income": 6232000000.0
        },
        {
            "fiscal_date_ending": "2011-12-31",
            "reported_currency": "USD",
            "gross_profit": 5366000000.0,
            "total_revenue": 24888000000.0,
            "cost_of_revenue": 19522000000.0,
            "cost_of_goods_and_services_sold": 13926000000.0,
            "operating_income": -11080000000.0,
            "selling_general_and_administrative": 10358000000.0,
            "research_and_development": null,
            "operating_expenses": 19966000000.0,
            "investment_income_net": null,
            "net_interest_income": 10701000000.0,
            "interest_income": 15413000000.0,
            "interest_expense": 4712000000.0,
            "non_interest_income": 14187000000.0,
            "other_non_operating_income": null,
            "depreciation": 480000000.0,
            "depreciation_and_amortization": 845000000.0,
            "income_before_tax": 2432000000.0,
            "income_tax_expense": 441000000.0,
            "interest_and_debt_expense": 4712000000.0,
            "net_income_from_continuing_operations": 1277000000.0,
            "comprehensive_income_net_of_tax": -1375000000.0,
            "ebit": 7144000000.0,
            "ebitda": 7989000000.0,
            "net_income": 1991000000.0
        },
        {
            "fiscal_date_ending": "2012-03-31",
            "reported_currency": "USD",
            "gross_profit": 3137000000.0,
            "total_revenue": 22278000000.0,
            "cost_of_revenue": 19141000000.0,
            "cost_of_goods_and_services_sold": 6130000000.0,
            "operating_income": -12317000000.0,
            "selling_general_and_administrative": 11909000000.0,
            "research_and_development": null,
            "operating_expenses": 19317000000.0,
            "investment_income_net": null,
            "net_interest_income": 10846000000.0,
            "interest_income": 15461000000.0,
            "interest_expense": 4615000000.0,
            "non_interest_income": 11432000000.0,
            "other_non_operating_income": null,
            "depreciation": 468000000.0,
            "depreciation_and_amortization": 787000000.0,
            "income_before_tax": 719000000.0,
            "income_tax_expense": 66000000.0,
            "interest_and_debt_expense": 4615000000.0,
            "net_income_from_continuing_operations": 653000000.0,
            "comprehensive_income_net_of_tax": 1094000000.0,
            "ebit": 5334000000.0,
            "ebitda": 6121000000.0,
            "net_income": 653000000.0
        },
        {
            "fiscal_date_ending": "2012-06-30",
            "reported_currency": "USD",
            "gross_profit": 4920000000.0,
            "total_revenue": 21968000000.0,
            "cost_of_revenue": 17048000000.0,
            "cost_of_goods_and_services_sold": 5518000000.0,
            "operating_income": -8696000000.0,
            "selling_general_and_administrative": 10287000000.0,
            "research_and_development": null,
            "operating_expenses": 17660000000.0,
            "investment_income_net": null,
            "net_interest_income": 9548000000.0,
            "interest_income": 13992000000.0,
            "interest_expense": 4444000000.0,
            "non_interest_income": 12420000000.0,
            "other_non_operating_income": null,
            "depreciation": 442000000.0,
            "depreciation_and_amortization": 321000000.0,
            "income_before_tax": 3147000000.0,
            "income_tax_expense": 684000000.0,
            "interest_and_debt_expense": 4444000000.0,
            "net_income_from_continuing_operations": 2463000000.0,
            "comprehensive_income_net_of_tax": 3959000000.0,
            "ebit": 7591000000.0,
            "ebitda": 7912000000.0,
            "net_income": 2463000000.0
        },
        {
            "fiscal_date_ending": "2012-09-30",
            "reported_currency": "USD",
            "gross_profit": 2884000000.0,
            "total_revenue": 20428000000.0,
            "cost_of_revenue": 17544000000.0,
            "cost_of_goods_and_services_sold": 6396000000.0,
            "operating_income": -11030000000.0,
            "selling_general_and_administrative": 9960000000.0,
            "research_and_development": null,
            "operating_expenses": 17613000000.0,
            "investment_income_net": null,
            "net_interest_income": 9938000000.0,
            "interest_income": 13976000000.0,
            "interest_expense": 4038000000.0,
            "non_interest_income": 10490000000.0,
            "other_non_operating_income": null,
            "depreciation": 437000000.0,
            "depreciation_and_amortization": 315000000.0,
            "income_before_tax": 1110000000.0,
            "income_tax_expense": 770000000.0,
            "interest_and_debt_expense": 4038000000.0,
            "net_income_from_continuing_operations": 340000000.0,
            "comprehensive_income_net_of_tax": 3029000000.0,
            "ebit": 5148000000.0,
            "ebitda": 5463000000.0,
            "net_income": 340000000.0
        },
        {
            "fiscal_date_ending": "2012-12-31",
            "reported_currency": "USD",
            "gross_profit": 300000000.0,
            "total_revenue": 18660000000.0,
            "cost_of_revenue": 18360000000.0,
            "cost_of_goods_and_services_sold": 6869000000.0,
            "operating_income": -13470000000.0,
            "selling_general_and_administrative": 9986000000.0,
            "research_and_development": null,
            "operating_expenses": 17246000000.0,
            "investment_income_net": null,
            "net_interest_income": 10324000000.0,
            "interest_income": 13971000000.0,
            "interest_expense": 3647000000.0,
            "non_interest_income": 8336000000.0,
            "other_non_operating_income": null,
            "depreciation": 427000000.0,
            "depreciation_and_amortization": 736000000.0,
            "income_before_tax": -1904000000.0,
            "income_tax_expense": -2636000000.0,
            "interest_and_debt_expense": 3647000000.0,
            "net_income_from_continuing_operations": 732000000.0,
            "comprehensive_income_net_of_tax": -1254000000.0,
            "ebit": 1743000000.0,
            "ebitda": 2479000000.0,
            "net_income": 732000000.0
        },
        {
            "fiscal_date_ending": "2013-03-31",
            "reported_currency": "USD",
            "gross_profit": 3697000000.0,
            "total_revenue": 23197000000.0,
            "cost_of_revenue": 19500000000.0,
            "cost_of_goods_and_services_sold": 7034000000.0,
            "operating_income": -12534000000.0,
            "selling_general_and_administrative": 11541000000.0,
            "research_and_development": null,
            "operating_expenses": 19600000000.0,
            "investment_income_net": null,
            "net_interest_income": 10664000000.0,
            "interest_income": 14101000000.0,
            "interest_expense": 3437000000.0,
            "non_interest_income": 12533000000.0,
            "other_non_operating_income": null,
            "depreciation": 411000000.0,
            "depreciation_and_amortization": 687000000.0,
            "income_before_tax": 1984000000.0,
            "income_tax_expense": 501000000.0,
            "interest_and_debt_expense": 3437000000.0,
            "net_income_from_continuing_operations": 1483000000.0,
            "comprehensive_income_net_of_tax": 792000000.0,
            "ebit": 5421000000.0,
            "ebitda": 6108000000.0,
            "net_income": 1483000000.0
        },
        {
            "fiscal_date_ending": "2013-06-30",
            "reported_currency": "USD",
            "gross_profit": 5489000000.0,
            "total_revenue": 22727000000.0,
            "cost_of_revenue": 17238000000.0,
            "cost_of_goods_and_services_sold": 4892000000.0,
            "operating_income": -6289000000.0,
            "selling_general_and_administrative": 10158000000.0,
            "research_and_development": null,
            "operating_expenses": 15054000000.0,
            "investment_income_net": null,
            "net_interest_income": 10549000000.0,
            "interest_income": 13825000000.0,
            "interest_expense": 3276000000.0,
            "non_interest_income": 12178000000.0,
            "other_non_operating_income": null,
            "depreciation": 402000000.0,
            "depreciation_and_amortization": 274000000.0,
            "income_before_tax": 5498000000.0,
            "income_tax_expense": 1486000000.0,
            "interest_and_debt_expense": 3276000000.0,
            "net_income_from_continuing_operations": 4012000000.0,
            "comprehensive_income_net_of_tax": -209000000.0,
            "ebit": 8774000000.0,
            "ebitda": 9048000000.0,
            "net_income": 4012000000.0
        },
        {
            "fiscal_date_ending": "2013-09-30",
            "reported_currency": "USD",
            "gross_profit": 4850000000.0,
            "total_revenue": 21530000000.0,
            "cost_of_revenue": 16680000000.0,
            "cost_of_goods_and_services_sold": 5420000000.0,
            "operating_income": -6859000000.0,
            "selling_general_and_administrative": 9997000000.0,
            "research_and_development": null,
            "operating_expenses": 14825000000.0,
            "investment_income_net": null,
            "net_interest_income": 10266000000.0,
            "interest_income": 13382000000.0,
            "interest_expense": 3116000000.0,
            "non_interest_income": 11264000000.0,
            "other_non_operating_income": null,
            "depreciation": 388000000.0,
            "depreciation_and_amortization": 270000000.0,
            "income_before_tax": 4845000000.0,
            "income_tax_expense": 2348000000.0,
            "interest_and_debt_expense": 3116000000.0,
            "net_income_from_continuing_operations": 2497000000.0,
            "comprehensive_income_net_of_tax": 3383000000.0,
            "ebit": 7961000000.0,
            "ebitda": 8231000000.0,
            "net_income": 2497000000.0
        },
        {
            "fiscal_date_ending": "2013-12-31",
            "reported_currency": "USD",
            "gross_profit": 3849000000.0,
            "total_revenue": 21488000000.0,
            "cost_of_revenue": 17639000000.0,
            "cost_of_goods_and_services_sold": 3262000000.0,
            "operating_income": -7998000000.0,
            "selling_general_and_administrative": 9620000000.0,
            "research_and_development": null,
            "operating_expenses": 14773000000.0,
            "investment_income_net": null,
            "net_interest_income": 10786000000.0,
            "interest_income": 13712000000.0,
            "interest_expense": 2926000000.0,
            "non_interest_income": 10702000000.0,
            "other_non_operating_income": null,
            "depreciation": 396000000.0,
            "depreciation_and_amortization": 662000000.0,
            "income_before_tax": 3845000000.0,
            "income_tax_expense": 406000000.0,
            "interest_and_debt_expense": 2926000000.0,
            "net_income_from_continuing_operations": 3439000000.0,
            "comprehensive_income_net_of_tax": 1805000000.0,
            "ebit": 6771000000.0,
            "ebitda": 7433000000.0,
            "net_income": 3439000000.0
        },
        {
            "fiscal_date_ending": "2014-03-31",
            "reported_currency": "USD",
            "gross_profit": -656000000.0,
            "total_revenue": 22566000000.0,
            "cost_of_revenue": 23222000000.0,
            "cost_of_goods_and_services_sold": 10047000000.0,
            "operating_income": -13975000000.0,
            "selling_general_and_administrative": 11394000000.0,
            "research_and_development": null,
            "operating_expenses": 16169000000.0,
            "investment_income_net": null,
            "net_interest_income": 10085000000.0,
            "interest_income": 12935000000.0,
            "interest_expense": 2850000000.0,
            "non_interest_income": 12481000000.0,
            "other_non_operating_income": null,
            "depreciation": 390000000.0,
            "depreciation_and_amortization": 629000000.0,
            "income_before_tax": -681000000.0,
            "income_tax_expense": -405000000.0,
            "interest_and_debt_expense": 2850000000.0,
            "net_income_from_continuing_operations": -276000000.0,
            "comprehensive_income_net_of_tax": 1144000000.0,
            "ebit": 2169000000.0,
            "ebitda": 2798000000.0,
            "net_income": -276000000.0
        },
        {
            "fiscal_date_ending": "2014-06-30",
            "reported_currency": "USD",
            "gross_profit": 2789000000.0,
            "total_revenue": 21747000000.0,
            "cost_of_revenue": 18958000000.0,
            "cost_of_goods_and_services_sold": 7839000000.0,
            "operating_income": -8610000000.0,
            "selling_general_and_administrative": 9841000000.0,
            "research_and_development": null,
            "operating_expenses": 14327000000.0,
            "investment_income_net": null,
            "net_interest_income": 10013000000.0,
            "interest_income": 12941000000.0,
            "interest_expense": 2928000000.0,
            "non_interest_income": 11734000000.0,
            "other_non_operating_income": null,
            "depreciation": 391000000.0,
            "depreciation_and_amortization": 235000000.0,
            "income_before_tax": 2795000000.0,
            "income_tax_expense": 504000000.0,
            "interest_and_debt_expense": 2928000000.0,
            "net_income_from_continuing_operations": 2291000000.0,
            "comprehensive_income_net_of_tax": 4617000000.0,
            "ebit": 5723000000.0,
            "ebitda": 5958000000.0,
            "net_income": 2291000000.0
        },
        {
            "fiscal_date_ending": "2014-09-30",
            "reported_currency": "USD",
            "gross_profit": 431000000.0,
            "total_revenue": 21209000000.0,
            "cost_of_revenue": 20778000000.0,
            "cost_of_goods_and_services_sold": 9747000000.0,
            "operating_income": -17103000000.0,
            "selling_general_and_administrative": 11300000000.0,
            "research_and_development": null,
            "operating_expenses": 17534000000.0,
            "investment_income_net": null,
            "net_interest_income": 10219000000.0,
            "interest_income": 12858000000.0,
            "interest_expense": 2639000000.0,
            "non_interest_income": 10990000000.0,
            "other_non_operating_income": null,
            "depreciation": null,
            "depreciation_and_amortization": 234000000.0,
            "income_before_tax": 431000000.0,
            "income_tax_expense": 663000000.0,
            "interest_and_debt_expense": 2639000000.0,
            "net_income_from_continuing_operations": -232000000.0,
            "comprehensive_income_net_of_tax": -1036000000.0,
            "ebit": 3070000000.0,
            "ebitda": 3304000000.0,
            "net_income": -232000000.0
        },
        {
            "fiscal_date_ending": "2014-12-31",
            "reported_currency": "USD",
            "gross_profit": 4310000000.0,
            "total_revenue": 20372000000.0,
            "cost_of_revenue": 14415000000.0,
            "cost_of_goods_and_services_sold": 2736000000.0,
            "operating_income": -7336000000.0,
            "selling_general_and_administrative": 11018000000.0,
            "research_and_development": null,
            "operating_expenses": 11646000000.0,
            "investment_income_net": null,
            "net_interest_income": 10462000000.0,
            "interest_income": 12980000000.0,
            "interest_expense": 2518000000.0,
            "non_interest_income": 9910000000.0,
            "other_non_operating_income": null,
            "depreciation": null,
            "depreciation_and_amortization": 228000000.0,
            "income_before_tax": 5418000000.0,
            "income_tax_expense": 1681000000.0,
            "interest_and_debt_expense": 2517000000.0,
            "net_income_from_continuing_operations": 3050000000.0,
            "comprehensive_income_net_of_tax": 4460000000.0,
            "ebit": 7936000000.0,
            "ebitda": 8164000000.0,
            "net_income": 3737000000.0
        },
        {
            "fiscal_date_ending": "2015-03-31",
            "reported_currency": "USD",
            "gross_profit": 4742000000.0,
            "total_revenue": 20914000000.0,
            "cost_of_revenue": 16460000000.0,
            "cost_of_goods_and_services_sold": 3984000000.0,
            "operating_income": -8403000000.0,
            "selling_general_and_administrative": 12562000000.0,
            "research_and_development": null,
            "operating_expenses": 13145000000.0,
            "investment_income_net": null,
            "net_interest_income": 9411000000.0,
            "interest_income": 11923000000.0,
            "interest_expense": 2512000000.0,
            "non_interest_income": 11503000000.0,
            "other_non_operating_income": null,
            "depreciation": null,
            "depreciation_and_amortization": 213000000.0,
            "income_before_tax": 4322000000.0,
            "income_tax_expense": 1225000000.0,
            "interest_and_debt_expense": 2512000000.0,
            "net_income_from_continuing_operations": 3357000000.0,
            "comprehensive_income_net_of_tax": 4710000000.0,
            "ebit": 6834000000.0,
            "ebitda": 7047000000.0,
            "net_income": 3097000000.0
        },
        {
            "fiscal_date_ending": "2015-06-30",
            "reported_currency": "USD",
            "gross_profit": 7519000000.0,
            "total_revenue": 21956000000.0,
            "cost_of_revenue": 14598000000.0,
            "cost_of_goods_and_services_sold": 3860000000.0,
            "operating_income": -3682000000.0,
            "selling_general_and_administrative": 10814000000.0,
            "research_and_development": null,
            "operating_expenses": 11201000000.0,
            "investment_income_net": null,
            "net_interest_income": 10461000000.0,
            "interest_income": 13105000000.0,
            "interest_expense": 2644000000.0,
            "non_interest_income": 11495000000.0,
            "other_non_operating_income": null,
            "depreciation": null,
            "depreciation_and_amortization": 212000000.0,
            "income_before_tax": 7218000000.0,
            "income_tax_expense": 2084000000.0,
            "interest_and_debt_expense": 2644000000.0,
            "net_income_from_continuing_operations": 5320000000.0,
            "comprehensive_income_net_of_tax": 3097000000.0,
            "ebit": 9862000000.0,
            "ebitda": 10074000000.0,
            "net_income": 5134000000.0
        },
        {
            "fiscal_date_ending": "2015-09-30",
            "reported_currency": "USD",
            "gross_profit": 6069000000.0,
            "total_revenue": 20992000000.0,
            "cost_of_revenue": 14613000000.0,
            "cost_of_goods_and_services_sold": 3712000000.0,
            "operating_income": -5315000000.0,
            "selling_general_and_administrative": 10946000000.0,
            "research_and_development": null,
            "operating_expenses": 11384000000.0,
            "investment_income_net": null,
            "net_interest_income": 9900000000.0,
            "interest_income": 12396000000.0,
            "interest_expense": 2496000000.0,
            "non_interest_income": 11092000000.0,
            "other_non_operating_income": null,
            "depreciation": null,
            "depreciation_and_amortization": 207000000.0,
            "income_before_tax": 6247000000.0,
            "income_tax_expense": 1628000000.0,
            "interest_and_debt_expense": 2496000000.0,
            "net_income_from_continuing_operations": 4508000000.0,
            "comprehensive_income_net_of_tax": 6095000000.0,
            "ebit": 8743000000.0,
            "ebitda": 8950000000.0,
            "net_income": 4619000000.0
        },
        {
            "fiscal_date_ending": "2015-12-31",
            "reported_currency": "USD",
            "gross_profit": 3824000000.0,
            "total_revenue": 19582000000.0,
            "cost_of_revenue": 14682000000.0,
            "cost_of_goods_and_services_sold": 2154000000.0,
            "operating_income": -7582000000.0,
            "selling_general_and_administrative": 10780000000.0,
            "research_and_development": null,
            "operating_expenses": 11406000000.0,
            "investment_income_net": null,
            "net_interest_income": 9686000000.0,
            "interest_income": 12583000000.0,
            "interest_expense": 2897000000.0,
            "non_interest_income": 9896000000.0,
            "other_non_operating_income": null,
            "depreciation": null,
            "depreciation_and_amortization": 202000000.0,
            "income_before_tax": 4879000000.0,
            "income_tax_expense": 1521000000.0,
            "interest_and_debt_expense": 2897000000.0,
            "net_income_from_continuing_operations": 2703000000.0,
            "comprehensive_income_net_of_tax": 2039000000.0,
            "ebit": 7776000000.0,
            "ebitda": 7978000000.0,
            "net_income": 3358000000.0
        },
        {
            "fiscal_date_ending": "2016-03-31",
            "reported_currency": "USD",
            "gross_profit": 3699000000.0,
            "total_revenue": 20790000000.0,
            "cost_of_revenue": 15813000000.0,
            "cost_of_goods_and_services_sold": 3922000000.0,
            "operating_income": -8638000000.0,
            "selling_general_and_administrative": 11762000000.0,
            "research_and_development": null,
            "operating_expenses": 12337000000.0,
            "investment_income_net": null,
            "net_interest_income": 10485000000.0,
            "interest_income": 13008000000.0,
            "interest_expense": 2523000000.0,
            "non_interest_income": 10305000000.0,
            "other_non_operating_income": null,
            "depreciation": null,
            "depreciation_and_amortization": 187000000.0,
            "income_before_tax": 4977000000.0,
            "income_tax_expense": 1505000000.0,
            "interest_and_debt_expense": 2524000000.0,
            "net_income_from_continuing_operations": 2680000000.0,
            "comprehensive_income_net_of_tax": 6001000000.0,
            "ebit": 7500000000.0,
            "ebitda": 7687000000.0,
            "net_income": 3472000000.0
        },
        {
            "fiscal_date_ending": "2016-06-30",
            "reported_currency": "USD",
            "gross_profit": 5929000000.0,
            "total_revenue": 21286000000.0,
            "cost_of_revenue": 14469000000.0,
            "cost_of_goods_and_services_sold": 3793000000.0,
            "operating_income": -5077000000.0,
            "selling_general_and_administrative": 10550000000.0,
            "research_and_development": null,
            "operating_expenses": 11006000000.0,
            "investment_income_net": null,
            "net_interest_income": 10118000000.0,
            "interest_income": 12574000000.0,
            "interest_expense": 2456000000.0,
            "non_interest_income": 11168000000.0,
            "other_non_operating_income": null,
            "depreciation": null,
            "depreciation_and_amortization": 186000000.0,
            "income_before_tax": 6817000000.0,
            "income_tax_expense": 2034000000.0,
            "interest_and_debt_expense": 2455000000.0,
            "net_income_from_continuing_operations": 4232000000.0,
            "comprehensive_income_net_of_tax": 5643000000.0,
            "ebit": 9273000000.0,
            "ebitda": 9459000000.0,
            "net_income": 4783000000.0
        },
        {
            "fiscal_date_ending": "2016-09-30",
            "reported_currency": "USD",
            "gross_profit": 7304000000.0,
            "total_revenue": 21635000000.0,
            "cost_of_revenue": 14331000000.0,
            "cost_of_goods_and_services_sold": 3776000000.0,
            "operating_income": -3656000000.0,
            "selling_general_and_administrative": 10529000000.0,
            "research_and_development": null,
            "operating_expenses": 10960000000.0,
            "investment_income_net": null,
            "net_interest_income": 10201000000.0,
            "interest_income": 12610000000.0,
            "interest_expense": 2409000000.0,
            "non_interest_income": 11434000000.0,
            "other_non_operating_income": null,
            "depreciation": null,
            "depreciation_and_amortization": 181000000.0,
            "income_before_tax": 7304000000.0,
            "income_tax_expense": 2349000000.0,
            "interest_and_debt_expense": 2409000000.0,
            "net_income_from_continuing_operations": 4955000000.0,
            "comprehensive_income_net_of_tax": 5223000000.0,
            "ebit": 9713000000.0,
            "ebitda": 9894000000.0,
            "net_income": 4955000000.0
        },
        {
            "fiscal_date_ending": "2016-12-31",
            "reported_currency": "USD",
            "gross_profit": 6055000000.0,
            "total_revenue": 19990000000.0,
            "cost_of_revenue": 13935000000.0,
            "cost_of_goods_and_services_sold": 3347000000.0,
            "operating_income": -4680000000.0,
            "selling_general_and_administrative": 10267000000.0,
            "research_and_development": null,
            "operating_expenses": 10735000000.0,
            "investment_income_net": null,
            "net_interest_income": 10292000000.0,
            "interest_income": 12865000000.0,
            "interest_expense": 2573000000.0,
            "non_interest_income": 9698000000.0,
            "other_non_operating_income": null,
            "depreciation": null,
            "depreciation_and_amortization": 176000000.0,
            "income_before_tax": 5923000000.0,
            "income_tax_expense": 1311000000.0,
            "interest_and_debt_expense": 2573000000.0,
            "net_income_from_continuing_operations": 4696000000.0,
            "comprehensive_income_net_of_tax": -975000000.0,
            "ebit": 8496000000.0,
            "ebitda": 8672000000.0,
            "net_income": 4612000000.0
        },
        {
            "fiscal_date_ending": "2017-03-31",
            "reported_currency": "USD",
            "gross_profit": 6565000000.0,
            "total_revenue": 22248000000.0,
            "cost_of_revenue": 15683000000.0,
            "cost_of_goods_and_services_sold": 3755000000.0,
            "operating_income": -5802000000.0,
            "selling_general_and_administrative": 11931000000.0,
            "research_and_development": null,
            "operating_expenses": 12367000000.0,
            "investment_income_net": null,
            "net_interest_income": 11058000000.0,
            "interest_income": 13710000000.0,
            "interest_expense": 2652000000.0,
            "non_interest_income": 11190000000.0,
            "other_non_operating_income": null,
            "depreciation": null,
            "depreciation_and_amortization": 162000000.0,
            "income_before_tax": 7320000000.0,
            "income_tax_expense": 1983000000.0,
            "interest_and_debt_expense": 2652000000.0,
            "net_income_from_continuing_operations": 4856000000.0,
            "comprehensive_income_net_of_tax": 5309000000.0,
            "ebit": 9972000000.0,
            "ebitda": 10134000000.0,
            "net_income": 5337000000.0
        },
        {
            "fiscal_date_ending": "2017-06-30",
            "reported_currency": "USD",
            "gross_profit": 8377000000.0,
            "total_revenue": 22829000000.0,
            "cost_of_revenue": 14452000000.0,
            "cost_of_goods_and_services_sold": 3977000000.0,
            "operating_income": -2565000000.0,
            "selling_general_and_administrative": 10590000000.0,
            "research_and_development": null,
            "operating_expenses": 10942000000.0,
            "investment_income_net": null,
            "net_interest_income": 10986000000.0,
            "interest_income": 14146000000.0,
            "interest_expense": 3160000000.0,
            "non_interest_income": 11843000000.0,
            "other_non_operating_income": null,
            "depreciation": null,
            "depreciation_and_amortization": 160000000.0,
            "income_before_tax": 8121000000.0,
            "income_tax_expense": 3015000000.0,
            "interest_and_debt_expense": 3160000000.0,
            "net_income_from_continuing_operations": 5269000000.0,
            "comprehensive_income_net_of_tax": 5817000000.0,
            "ebit": 11281000000.0,
            "ebitda": 11441000000.0,
            "net_income": 5106000000.0
        },
        {
            "fiscal_date_ending": "2017-09-30",
            "reported_currency": "USD",
            "gross_profit": 7866000000.0,
            "total_revenue": 21839000000.0,
            "cost_of_revenue": 13973000000.0,
            "cost_of_goods_and_services_sold": 3621000000.0,
            "operating_income": -2791000000.0,
            "selling_general_and_administrative": 10366000000.0,
            "research_and_development": null,
            "operating_expenses": 10657000000.0,
            "investment_income_net": null,
            "net_interest_income": 11161000000.0,
            "interest_income": 14657000000.0,
            "interest_expense": 3496000000.0,
            "non_interest_income": 10678000000.0,
            "other_non_operating_income": null,
            "depreciation": null,
            "depreciation_and_amortization": 151000000.0,
            "income_before_tax": 7611000000.0,
            "income_tax_expense": 2187000000.0,
            "interest_and_debt_expense": 3496000000.0,
            "net_income_from_continuing_operations": 5587000000.0,
            "comprehensive_income_net_of_tax": 5861000000.0,
            "ebit": 11107000000.0,
            "ebitda": 11258000000.0,
            "net_income": 5424000000.0
        },
        {
            "fiscal_date_ending": "2017-12-31",
            "reported_currency": "USD",
            "gross_profit": 6405000000.0,
            "total_revenue": 20210000000.0,
            "cost_of_revenue": 14031000000.0,
            "cost_of_goods_and_services_sold": 4605000000.0,
            "operating_income": -4126000000.0,
            "selling_general_and_administrative": 10236000000.0,
            "research_and_development": null,
            "operating_expenses": 10531000000.0,
            "investment_income_net": null,
            "net_interest_income": 12034000000.0,
            "interest_income": 15066000000.0,
            "interest_expense": 3032000000.0,
            "non_interest_income": 8176000000.0,
            "other_non_operating_income": null,
            "depreciation": null,
            "depreciation_and_amortization": 148000000.0,
            "income_before_tax": 6161000000.0,
            "income_tax_expense": 3796000000.0,
            "interest_and_debt_expense": 3604000000.0,
            "net_income_from_continuing_operations": 2520000000.0,
            "comprehensive_income_net_of_tax": 1451000000.0,
            "ebit": 9193000000.0,
            "ebitda": 9341000000.0,
            "net_income": 2365000000.0
        },
        {
            "fiscal_date_ending": "2018-03-31",
            "reported_currency": "USD",
            "gross_profit": 8394000000.0,
            "total_revenue": 23070000000.0,
            "cost_of_revenue": 14731000000.0,
            "cost_of_goods_and_services_sold": 3698000000.0,
            "operating_income": -3070000000.0,
            "selling_general_and_administrative": 11213000000.0,
            "research_and_development": null,
            "operating_expenses": 11464000000.0,
            "investment_income_net": null,
            "net_interest_income": 11769000000.0,
            "interest_income": 15599000000.0,
            "interest_expense": 3830000000.0,
            "non_interest_income": 11301000000.0,
            "other_non_operating_income": null,
            "depreciation": null,
            "depreciation_and_amortization": 135000000.0,
            "income_before_tax": 8394000000.0,
            "income_tax_expense": 1476000000.0,
            "interest_and_debt_expense": 3991000000.0,
            "net_income_from_continuing_operations": 6918000000.0,
            "comprehensive_income_net_of_tax": 2935000000.0,
            "ebit": 12224000000.0,
            "ebitda": 12359000000.0,
            "net_income": 6918000000.0
        },
        {
            "fiscal_date_ending": "2018-06-30",
            "reported_currency": "USD",
            "gross_profit": 8498000000.0,
            "total_revenue": 22549000000.0,
            "cost_of_revenue": 14111000000.0,
            "cost_of_goods_and_services_sold": 3583000000.0,
            "operating_income": -2446000000.0,
            "selling_general_and_administrative": 10723000000.0,
            "research_and_development": null,
            "operating_expenses": 10944000000.0,
            "investment_income_net": null,
            "net_interest_income": 11828000000.0,
            "interest_income": 16369000000.0,
            "interest_expense": 4541000000.0,
            "non_interest_income": 10721000000.0,
            "other_non_operating_income": null,
            "depreciation": null,
            "depreciation_and_amortization": 135000000.0,
            "income_before_tax": 8498000000.0,
            "income_tax_expense": 1714000000.0,
            "interest_and_debt_expense": 4719000000.0,
            "net_income_from_continuing_operations": 6784000000.0,
            "comprehensive_income_net_of_tax": 5729000000.0,
            "ebit": 13039000000.0,
            "ebitda": 13174000000.0,
            "net_income": 6784000000.0
        },
        {
            "fiscal_date_ending": "2018-09-30",
            "reported_currency": "USD",
            "gross_profit": 8994000000.0,
            "total_revenue": 22724000000.0,
            "cost_of_revenue": 13783000000.0,
            "cost_of_goods_and_services_sold": 3522000000.0,
            "operating_income": -1790000000.0,
            "selling_general_and_administrative": 10560000000.0,
            "research_and_development": null,
            "operating_expenses": 10784000000.0,
            "investment_income_net": null,
            "net_interest_income": 12061000000.0,
            "interest_income": 16965000000.0,
            "interest_expense": 4904000000.0,
            "non_interest_income": 10663000000.0,
            "other_non_operating_income": null,
            "depreciation": null,
            "depreciation_and_amortization": 134000000.0,
            "income_before_tax": 8994000000.0,
            "income_tax_expense": 1827000000.0,
            "interest_and_debt_expense": 5095000000.0,
            "net_income_from_continuing_operations": 7167000000.0,
            "comprehensive_income_net_of_tax": 5664000000.0,
            "ebit": 13898000000.0,
            "ebitda": 14032000000.0,
            "net_income": 7167000000.0
        },
        {
            "fiscal_date_ending": "2018-12-31",
            "reported_currency": "USD",
            "gross_profit": 8698000000.0,
            "total_revenue": 22677000000.0,
            "cost_of_revenue": 14038000000.0,
            "cost_of_goods_and_services_sold": -59000000.0,
            "operating_income": 27723000000.0,
            "selling_general_and_administrative": -19336000000.0,
            "research_and_development": null,
            "operating_expenses": -19025000000.0,
            "investment_income_net": null,
            "net_interest_income": 12504000000.0,
            "interest_income": 17836000000.0,
            "interest_expense": 5332000000.0,
            "non_interest_income": 10173000000.0,
            "other_non_operating_income": null,
            "depreciation": null,
            "depreciation_and_amortization": 134000000.0,
            "income_before_tax": 8698000000.0,
            "income_tax_expense": 1420000000.0,
            "interest_and_debt_expense": 6261000000.0,
            "net_income_from_continuing_operations": 7278000000.0,
            "comprehensive_income_net_of_tax": 9903000000.0,
            "ebit": 14030000000.0,
            "ebitda": 14164000000.0,
            "net_income": 7278000000.0
        },
        {
            "fiscal_date_ending": "2019-03-31",
            "reported_currency": "USD",
            "gross_profit": 8767000000.0,
            "total_revenue": 23004000000.0,
            "cost_of_revenue": 14237000000.0,
            "cost_of_goods_and_services_sold": 10596000000.0,
            "operating_income": 5097000000.0,
            "selling_general_and_administrative": 3571000000.0,
            "research_and_development": null,
            "operating_expenses": 3670000000.0,
            "investment_income_net": null,
            "net_interest_income": 12375000000.0,
            "interest_income": 18170000000.0,
            "interest_expense": 5795000000.0,
            "non_interest_income": 10629000000.0,
            "other_non_operating_income": null,
            "depreciation": null,
            "depreciation_and_amortization": 26000000.0,
            "income_before_tax": 8767000000.0,
            "income_tax_expense": 1456000000.0,
            "interest_and_debt_expense": 5795000000.0,
            "net_income_from_continuing_operations": 7311000000.0,
            "comprehensive_income_net_of_tax": 9480000000.0,
            "ebit": 14562000000.0,
            "ebitda": 14588000000.0,
            "net_income": 7311000000.0
        },
        {
            "fiscal_date_ending": "2019-06-30",
            "reported_currency": "USD",
            "gross_profit": 8959000000.0,
            "total_revenue": 23084000000.0,
            "cost_of_revenue": 14125000000.0,
            "cost_of_goods_and_services_sold": 10465000000.0,
            "operating_income": 5082000000.0,
            "selling_general_and_administrative": 3734000000.0,
            "research_and_development": null,
            "operating_expenses": 3877000000.0,
            "investment_income_net": null,
            "net_interest_income": 12189000000.0,
            "interest_income": 18224000000.0,
            "interest_expense": 6035000000.0,
            "non_interest_income": 10895000000.0,
            "other_non_operating_income": null,
            "depreciation": null,
            "depreciation_and_amortization": 29000000.0,
            "income_before_tax": 8959000000.0,
            "income_tax_expense": 1611000000.0,
            "interest_and_debt_expense": 6035000000.0,
            "net_income_from_continuing_operations": 7348000000.0,
            "comprehensive_income_net_of_tax": 9913000000.0,
            "ebit": 14994000000.0,
            "ebitda": 15023000000.0,
            "net_income": 7348000000.0
        },
        {
            "fiscal_date_ending": "2019-09-30",
            "reported_currency": "USD",
            "gross_profit": 6859000000.0,
            "total_revenue": 22807000000.0,
            "cost_of_revenue": 15948000000.0,
            "cost_of_goods_and_services_sold": 12484000000.0,
            "operating_income": 2826000000.0,
            "selling_general_and_administrative": 3652000000.0,
            "research_and_development": null,
            "operating_expenses": 4033000000.0,
            "investment_income_net": null,
            "net_interest_income": 12187000000.0,
            "interest_income": 17916000000.0,
            "interest_expense": 5729000000.0,
            "non_interest_income": 10620000000.0,
            "other_non_operating_income": null,
            "depreciation": null,
            "depreciation_and_amortization": 29000000.0,
            "income_before_tax": 6859000000.0,
            "income_tax_expense": 1082000000.0,
            "interest_and_debt_expense": 5729000000.0,
            "net_income_from_continuing_operations": 5777000000.0,
            "comprehensive_income_net_of_tax": 7637000000.0,
            "ebit": 12588000000.0,
            "ebitda": 12617000000.0,
            "net_income": 5777000000.0
        },
        {
            "fiscal_date_ending": "2019-12-31",
            "reported_currency": "USD",
            "gross_profit": 8169000000.0,
            "total_revenue": 22349000000.0,
            "cost_of_revenue": 14180000000.0,
            "cost_of_goods_and_services_sold": null,
            "operating_income": 2091000000.0,
            "selling_general_and_administrative": 5908000000.0,
            "research_and_development": null,
            "operating_expenses": 6078000000.0,
            "investment_income_net": null,
            "net_interest_income": 12140000000.0,
            "interest_income": 16926000000.0,
            "interest_expense": 4786000000.0,
            "non_interest_income": 10209000000.0,
            "other_non_operating_income": null,
            "depreciation": null,
            "depreciation_and_amortization": 28000000.0,
            "income_before_tax": 8169000000.0,
            "income_tax_expense": 1175000000.0,
            "interest_and_debt_expense": 4786000000.0,
            "net_income_from_continuing_operations": 6994000000.0,
            "comprehensive_income_net_of_tax": 5978000000.0,
            "ebit": 12955000000.0,
            "ebitda": 12983000000.0,
            "net_income": 6994000000.0
        },
        {
            "fiscal_date_ending": "2020-03-31",
            "reported_currency": "USD",
            "gross_profit": 4767000000.0,
            "total_revenue": 22767000000.0,
            "cost_of_revenue": 18000000000.0,
            "cost_of_goods_and_services_sold": 10676000000.0,
            "operating_income": 1003000000.0,
            "selling_general_and_administrative": 3724000000.0,
            "research_and_development": null,
            "operating_expenses": 3764000000.0,
            "investment_income_net": null,
            "net_interest_income": 12130000000.0,
            "interest_income": 16098000000.0,
            "interest_expense": 3968000000.0,
            "non_interest_income": 10637000000.0,
            "other_non_operating_income": null,
            "depreciation": null,
            "depreciation_and_amortization": 16000000.0,
            "income_before_tax": 4531000000.0,
            "income_tax_expense": 521000000.0,
            "interest_and_debt_expense": 3968000000.0,
            "net_income_from_continuing_operations": 4010000000.0,
            "comprehensive_income_net_of_tax": 10523000000.0,
            "ebit": 8499000000.0,
            "ebitda": 8515000000.0,
            "net_income": 4010000000.0
        },
        {
            "fiscal_date_ending": "2020-06-30",
            "reported_currency": "USD",
            "gross_profit": 4141000000.0,
            "total_revenue": 22326000000.0,
            "cost_of_revenue": 18185000000.0,
            "cost_of_goods_and_services_sold": 10461000000.0,
            "operating_income": 128000000.0,
            "selling_general_and_administrative": 3940000000.0,
            "research_and_development": null,
            "operating_expenses": 4013000000.0,
            "investment_income_net": null,
            "net_interest_income": 10848000000.0,
            "interest_income": 12540000000.0,
            "interest_expense": 1692000000.0,
            "non_interest_income": 11478000000.0,
            "other_non_operating_income": null,
            "depreciation": null,
            "depreciation_and_amortization": 16000000.0,
            "income_before_tax": 3799000000.0,
            "income_tax_expense": 266000000.0,
            "interest_and_debt_expense": 1692000000.0,
            "net_income_from_continuing_operations": 3533000000.0,
            "comprehensive_income_net_of_tax": 2491000000.0,
            "ebit": 5491000000.0,
            "ebitda": 5507000000.0,
            "net_income": 3533000000.0
        },
        {
            "fiscal_date_ending": "2020-09-30",
            "reported_currency": "USD",
            "gross_profit": 4755000000.0,
            "total_revenue": 20336000000.0,
            "cost_of_revenue": 15581000000.0,
            "cost_of_goods_and_services_sold": 11380000000.0,
            "operating_income": 200000000.0,
            "selling_general_and_administrative": 3889000000.0,
            "research_and_development": null,
            "operating_expenses": 4555000000.0,
            "investment_income_net": null,
            "net_interest_income": 10129000000.0,
            "interest_income": 11486000000.0,
            "interest_expense": 1357000000.0,
            "non_interest_income": 10207000000.0,
            "other_non_operating_income": null,
            "depreciation": null,
            "depreciation_and_amortization": 30000000.0,
            "income_before_tax": 4546000000.0,
            "income_tax_expense": -335000000.0,
            "interest_and_debt_expense": 1357000000.0,
            "net_income_from_continuing_operations": 4881000000.0,
            "comprehensive_income_net_of_tax": 5065000000.0,
            "ebit": 5903000000.0,
            "ebitda": 5933000000.0,
            "net_income": 4881000000.0
        },
        {
            "fiscal_date_ending": "2020-12-31",
            "reported_currency": "USD",
            "gross_profit": 6087000000.0,
            "total_revenue": 20099000000.0,
            "cost_of_revenue": 14012000000.0,
            "cost_of_goods_and_services_sold": null,
            "operating_income": -357000000.0,
            "selling_general_and_administrative": 6305000000.0,
            "research_and_development": null,
            "operating_expenses": 6444000000.0,
            "investment_income_net": null,
            "net_interest_income": 10253000000.0,
            "interest_income": 11461000000.0,
            "interest_expense": 1208000000.0,
            "non_interest_income": 9846000000.0,
            "other_non_operating_income": null,
            "depreciation": null,
            "depreciation_and_amortization": 33000000.0,
            "income_before_tax": 6119000000.0,
            "income_tax_expense": 649000000.0,
            "interest_and_debt_expense": 1208000000.0,
            "net_income_from_continuing_operations": 5470000000.0,
            "comprehensive_income_net_of_tax": 4792000000.0,
            "ebit": 7327000000.0,
            "ebitda": 7360000000.0,
            "net_income": 5470000000.0
        },
        {
            "fiscal_date_ending": "2021-03-31",
            "reported_currency": "USD",
            "gross_profit": 9117000000.0,
            "total_revenue": 22821000000.0,
            "cost_of_revenue": 13704000000.0,
            "cost_of_goods_and_services_sold": 12339000000.0,
            "operating_income": 5037000000.0,
            "selling_general_and_administrative": 4029000000.0,
            "research_and_development": null,
            "operating_expenses": 4080000000.0,
            "investment_income_net": null,
            "net_interest_income": 10197000000.0,
            "interest_income": 11395000000.0,
            "interest_expense": 1198000000.0,
            "non_interest_income": 12624000000.0,
            "other_non_operating_income": null,
            "depreciation": null,
            "depreciation_and_amortization": 17000000.0,
            "income_before_tax": 9166000000.0,
            "income_tax_expense": 1116000000.0,
            "interest_and_debt_expense": 1198000000.0,
            "net_income_from_continuing_operations": 8050000000.0,
            "comprehensive_income_net_of_tax": 6234000000.0,
            "ebit": 10364000000.0,
            "ebitda": 10381000000.0,
            "net_income": 8050000000.0
        },
        {
            "fiscal_date_ending": "2021-06-30",
            "reported_currency": "USD",
            "gross_profit": 7901000000.0,
            "total_revenue": 21466000000.0,
            "cost_of_revenue": 13565000000.0,
            "cost_of_goods_and_services_sold": 11385000000.0,
            "operating_income": 3383000000.0,
            "selling_general_and_administrative": 4443000000.0,
            "research_and_development": null,
            "operating_expenses": 4518000000.0,
            "investment_income_net": null,
            "net_interest_income": 10233000000.0,
            "interest_income": 11387000000.0,
            "interest_expense": 1154000000.0,
            "non_interest_income": 11233000000.0,
            "other_non_operating_income": null,
            "depreciation": null,
            "depreciation_and_amortization": 20000000.0,
            "income_before_tax": 8042000000.0,
            "income_tax_expense": -1182000000.0,
            "interest_and_debt_expense": 1154000000.0,
            "net_income_from_continuing_operations": 9224000000.0,
            "comprehensive_income_net_of_tax": 9633000000.0,
            "ebit": 9196000000.0,
            "ebitda": 9216000000.0,
            "net_income": 9224000000.0
        },
        {
            "fiscal_date_ending": "2021-09-30",
            "reported_currency": "USD",
            "gross_profit": 8801000000.0,
            "total_revenue": 22766000000.0,
            "cost_of_revenue": 13965000000.0,
            "cost_of_goods_and_services_sold": 11256000000.0,
            "operating_income": 4755000000.0,
            "selling_general_and_administrative": 3961000000.0,
            "research_and_development": null,
            "operating_expenses": 4046000000.0,
            "investment_income_net": null,
            "net_interest_income": 11094000000.0,
            "interest_income": 12336000000.0,
            "interest_expense": 1242000000.0,
            "non_interest_income": 11672000000.0,
            "other_non_operating_income": null,
            "depreciation": null,
            "depreciation_and_amortization": 19000000.0,
            "income_before_tax": 8950000000.0,
            "income_tax_expense": 1259000000.0,
            "interest_and_debt_expense": 1242000000.0,
            "net_income_from_continuing_operations": 7691000000.0,
            "comprehensive_income_net_of_tax": 7158000000.0,
            "ebit": 10192000000.0,
            "ebitda": 10211000000.0,
            "net_income": 7691000000.0
        },
        {
            "fiscal_date_ending": "2021-12-31",
            "reported_currency": "USD",
            "gross_profit": 7736000000.0,
            "total_revenue": 22060000000.0,
            "cost_of_revenue": 14324000000.0,
            "cost_of_goods_and_services_sold": null,
            "operating_income": 519000000.0,
            "selling_general_and_administrative": 7188000000.0,
            "research_and_development": null,
            "operating_expenses": 7217000000.0,
            "investment_income_net": null,
            "net_interest_income": 11410000000.0,
            "interest_income": 12554000000.0,
            "interest_expense": 1144000000.0,
            "non_interest_income": 10650000000.0,
            "other_non_operating_income": null,
            "depreciation": null,
            "depreciation_and_amortization": 20000000.0,
            "income_before_tax": 7818000000.0,
            "income_tax_expense": 805000000.0,
            "interest_and_debt_expense": 1144000000.0,
            "net_income_from_continuing_operations": 7013000000.0,
            "comprehensive_income_net_of_tax": 5505000000.0,
            "ebit": 8962000000.0,
            "ebitda": 8982000000.0,
            "net_income": 7013000000.0
        },
        {
            "fiscal_date_ending": "2022-03-31",
            "reported_currency": "USD",
            "gross_profit": 7801000000.0,
            "total_revenue": 23228000000.0,
            "cost_of_revenue": 15427000000.0,
            "cost_of_goods_and_services_sold": 11999000000.0,
            "operating_income": 3528000000.0,
            "selling_general_and_administrative": 4147000000.0,
            "research_and_development": null,
            "operating_expenses": 4273000000.0,
            "investment_income_net": null,
            "net_interest_income": 11572000000.0,
            "interest_income": 12894000000.0,
            "interest_expense": 1322000000.0,
            "non_interest_income": 11656000000.0,
            "other_non_operating_income": null,
            "depreciation": null,
            "depreciation_and_amortization": 20000000.0,
            "income_before_tax": 7879000000.0,
            "income_tax_expense": 812000000.0,
            "interest_and_debt_expense": 1322000000.0,
            "net_income_from_continuing_operations": 7067000000.0,
            "comprehensive_income_net_of_tax": -1246000000.0,
            "ebit": 9201000000.0,
            "ebitda": 9221000000.0,
            "net_income": 7067000000.0
        },
        {
            "fiscal_date_ending": "2022-06-30",
            "reported_currency": "USD",
            "gross_profit": 6974000000.0,
            "total_revenue": 22688000000.0,
            "cost_of_revenue": 15714000000.0,
            "cost_of_goods_and_services_sold": 11833000000.0,
            "operating_income": 2192000000.0,
            "selling_general_and_administrative": 4264000000.0,
            "research_and_development": null,
            "operating_expenses": 4782000000.0,
            "investment_income_net": null,
            "net_interest_income": 12444000000.0,
            "interest_income": 14975000000.0,
            "interest_expense": 2531000000.0,
            "non_interest_income": 10244000000.0,
            "other_non_operating_income": null,
            "depreciation": null,
            "depreciation_and_amortization": 20000000.0,
            "income_before_tax": 6892000000.0,
            "income_tax_expense": 645000000.0,
            "interest_and_debt_expense": 2531000000.0,
            "net_income_from_continuing_operations": 6247000000.0,
            "comprehensive_income_net_of_tax": 2990000000.0,
            "ebit": 9423000000.0,
            "ebitda": 9443000000.0,
            "net_income": 6247000000.0
        },
        {
            "fiscal_date_ending": "2022-09-30",
            "reported_currency": "USD",
            "gross_profit": 8354000000.0,
            "total_revenue": 24502000000.0,
            "cost_of_revenue": 16148000000.0,
            "cost_of_goods_and_services_sold": 11835000000.0,
            "operating_income": 3474000000.0,
            "selling_general_and_administrative": 4353000000.0,
            "research_and_development": null,
            "operating_expenses": 4880000000.0,
            "investment_income_net": null,
            "net_interest_income": 13765000000.0,
            "interest_income": 19621000000.0,
            "interest_expense": 5856000000.0,
            "non_interest_income": 10737000000.0,
            "other_non_operating_income": null,
            "depreciation": null,
            "depreciation_and_amortization": 20000000.0,
            "income_before_tax": 8301000000.0,
            "income_tax_expense": 1219000000.0,
            "interest_and_debt_expense": 5856000000.0,
            "net_income_from_continuing_operations": 7082000000.0,
            "comprehensive_income_net_of_tax": 2729000000.0,
            "ebit": 14157000000.0,
            "ebitda": 14177000000.0,
            "net_income": 7082000000.0
        },
        {
            "fiscal_date_ending": "2022-12-31",
            "reported_currency": "USD",
            "gross_profit": 10383000000.0,
            "total_revenue": 24532000000.0,
            "cost_of_revenue": 14149000000.0,
            "cost_of_goods_and_services_sold": null,
            "operating_income": 2811000000.0,
            "selling_general_and_administrative": 7453000000.0,
            "research_and_development": null,
            "operating_expenses": 7572000000.0,
            "investment_income_net": null,
            "net_interest_income": 14681000000.0,
            "interest_income": 25075000000.0,
            "interest_expense": 10394000000.0,
            "non_interest_income": 9851000000.0,
            "other_non_operating_income": null,
            "depreciation": null,
            "depreciation_and_amortization": 19000000.0,
            "income_before_tax": 7897000000.0,
            "income_tax_expense": 765000000.0,
            "interest_and_debt_expense": 10394000000.0,
            "net_income_from_continuing_operations": 7132000000.0,
            "comprehensive_income_net_of_tax": 7003000000.0,
            "ebit": 18291000000.0,
            "ebitda": 18310000000.0,
            "net_income": 7132000000.0
        },
        {
            "fiscal_date_ending": "2023-03-31",
            "reported_currency": "USD",
            "gross_profit": 10020000000.0,
            "total_revenue": 26258000000.0,
            "cost_of_revenue": 16238000000.0,
            "cost_of_goods_and_services_sold": 12656000000.0,
            "operating_income": 5420000000.0,
            "selling_general_and_administrative": 4491000000.0,
            "research_and_development": null,
            "operating_expenses": 4600000000.0,
            "investment_income_net": null,
            "net_interest_income": 14448000000.0,
            "interest_income": 28655000000.0,
            "interest_expense": 14207000000.0,
            "non_interest_income": 11810000000.0,
            "other_non_operating_income": null,
            "depreciation": null,
            "depreciation_and_amortization": 20000000.0,
            "income_before_tax": 9089000000.0,
            "income_tax_expense": 928000000.0,
            "interest_and_debt_expense": 14207000000.0,
            "net_income_from_continuing_operations": 8161000000.0,
            "comprehensive_income_net_of_tax": 10790000000.0,
            "ebit": 23296000000.0,
            "ebitda": 23316000000.0,
            "net_income": 8161000000.0
        },
        {
            "fiscal_date_ending": "2023-06-30",
            "reported_currency": "USD",
            "gross_profit": 9159000000.0,
            "total_revenue": 25197000000.0,
            "cost_of_revenue": 16038000000.0,
            "cost_of_goods_and_services_sold": 12398000000.0,
            "operating_income": 4403000000.0,
            "selling_general_and_administrative": 4460000000.0,
            "research_and_development": null,
            "operating_expenses": 4756000000.0,
            "investment_income_net": null,
            "net_interest_income": 14158000000.0,
            "interest_income": 32354000000.0,
            "interest_expense": 18196000000.0,
            "non_interest_income": 11039000000.0,
            "other_non_operating_income": null,
            "depreciation": null,
            "depreciation_and_amortization": 20000000.0,
            "income_before_tax": 8034000000.0,
            "income_tax_expense": 626000000.0,
            "interest_and_debt_expense": 18196000000.0,
            "net_income_from_continuing_operations": 7408000000.0,
            "comprehensive_income_net_of_tax": 5193000000.0,
            "ebit": 26230000000.0,
            "ebitda": 26250000000.0,
            "net_income": 7408000000.0
        },
        {
            "fiscal_date_ending": "2023-09-30",
            "reported_currency": "USD",
            "gross_profit": 9329000000.0,
            "total_revenue": 25167000000.0,
            "cost_of_revenue": 15838000000.0,
            "cost_of_goods_and_services_sold": 12236000000.0,
            "operating_income": 4716000000.0,
            "selling_general_and_administrative": 4517000000.0,
            "research_and_development": null,
            "operating_expenses": 4613000000.0,
            "investment_income_net": null,
            "net_interest_income": 14379000000.0,
            "interest_income": 33624000000.0,
            "interest_expense": 19245000000.0,
            "non_interest_income": 10788000000.0,
            "other_non_operating_income": null,
            "depreciation": null,
            "depreciation_and_amortization": 20000000.0,
            "income_before_tax": 8095000000.0,
            "income_tax_expense": 293000000.0,
            "interest_and_debt_expense": 19245000000.0,
            "net_income_from_continuing_operations": 7802000000.0,
            "comprehensive_income_net_of_tax": 6752000000.0,
            "ebit": 27340000000.0,
            "ebitda": 27360000000.0,
            "net_income": 7802000000.0
        },
        {
            "fiscal_date_ending": "2023-12-31",
            "reported_currency": "USD",
            "gross_profit": -2100000000.0,
            "total_revenue": 21959000000.0,
            "cost_of_revenue": 2100000000.0,
            "cost_of_goods_and_services_sold": null,
            "operating_income": -4200000000.0,
            "selling_general_and_administrative": 2100000000.0,
            "research_and_development": null,
            "operating_expenses": 2100000000.0,
            "investment_income_net": null,
            "net_interest_income": 13946000000.0,
            "interest_income": 35629000000.0,
            "interest_expense": 21683000000.0,
            "non_interest_income": 8013000000.0,
            "other_non_operating_income": null,
            "depreciation": null,
            "depreciation_and_amortization": 19000000.0,
            "income_before_tax": 3124000000.0,
            "income_tax_expense": -20000000.0,
            "interest_and_debt_expense": 21683000000.0,
            "net_income_from_continuing_operations": -4200000000.0,
            "comprehensive_income_net_of_tax": 7148000000.0,
            "ebit": 24807000000.0,
            "ebitda": 24826000000.0,
            "net_income": 3144000000.0
        },
        {
            "fiscal_date_ending": "2024-03-31",
            "reported_currency": "USD",
            "gross_profit": 8581000000.0,
            "total_revenue": 25818000000.0,
            "cost_of_revenue": 17237000000.0,
            "cost_of_goods_and_services_sold": 13583000000.0,
            "operating_income": 3150000000.0,
            "selling_general_and_administrative": 5314000000.0,
            "research_and_development": null,
            "operating_expenses": 5431000000.0,
            "investment_income_net": null,
            "net_interest_income": 14032000000.0,
            "interest_income": 36285000000.0,
            "interest_expense": 22253000000.0,
            "non_interest_income": 11786000000.0,
            "other_non_operating_income": null,
            "depreciation": null,
            "depreciation_and_amortization": 20000000.0,
            "income_before_tax": 7262000000.0,
            "income_tax_expense": 588000000.0,
            "interest_and_debt_expense": 22253000000.0,
            "net_income_from_continuing_operations": 6674000000.0,
            "comprehensive_income_net_of_tax": 6405000000.0,
            "ebit": 29515000000.0,
            "ebitda": 29535000000.0,
            "net_income": 6674000000.0
        },
        {
            "fiscal_date_ending": "2024-09-30",
            "reported_currency": "USD",
            "gross_profit": 8866000000.0,
            "total_revenue": 25345000000.0,
            "cost_of_revenue": 16479000000.0,
            "cost_of_goods_and_services_sold": 12619000000.0,
            "operating_income": 3961000000.0,
            "selling_general_and_administrative": 4847000000.0,
            "research_and_development": null,
            "operating_expenses": 4905000000.0,
            "investment_income_net": null,
            "net_interest_income": 13967000000.0,
            "interest_income": 37491000000.0,
            "interest_expense": 23524000000.0,
            "non_interest_income": 11378000000.0,
            "other_non_operating_income": null,
            "depreciation": null,
            "depreciation_and_amortization": 20000000.0,
            "income_before_tax": 7324000000.0,
            "income_tax_expense": 428000000.0,
            "interest_and_debt_expense": null,
            "net_income_from_continuing_operations": 6896000000.0,
            "comprehensive_income_net_of_tax": 10191000000.0,
            "ebit": 3961000000.0,
            "ebitda": 3981000000.0,
            "net_income": 6896000000.0
        },
        {
            "fiscal_date_ending": "2024-12-31",
            "reported_currency": "USD",
            "gross_profit": 8560000000.0,
            "total_revenue": 25347000000.0,
            "cost_of_revenue": 16787000000.0,
            "cost_of_goods_and_services_sold": 46965000000.0,
            "operating_income": -4090000000.0,
            "selling_general_and_administrative": 8562000000.0,
            "research_and_development": null,
            "operating_expenses": 12650000000.0,
            "investment_income_net": null,
            "net_interest_income": 14359000000.0,
            "interest_income": 35977000000.0,
            "interest_expense": 21618000000.0,
            "non_interest_income": 10988000000.0,
            "other_non_operating_income": null,
            "depreciation": null,
            "depreciation_and_amortization": 19000000.0,
            "income_before_tax": 7108000000.0,
            "income_tax_expense": 443000000.0,
            "interest_and_debt_expense": null,
            "net_income_from_continuing_operations": 6665000000.0,
            "comprehensive_income_net_of_tax": 5714000000.0,
            "ebit": -4090000000.0,
            "ebitda": -4071000000.0,
            "net_income": 6665000000.0
        }
    ],
    "total_quarters": 66,
    "date_range": {
        "start": "2008-06-30",
        "end": "2024-12-31"
    }
}