{
    "symbol": "WFC",
    "quarterly_reports": [
        {
            "fiscal_date_ending": "2008-06-30",
            "reported_currency": "USD",
            "gross_profit": 11459000000.0,
            "total_revenue": 11459000000.0,
            "cost_of_revenue": 5281000000.0,
            "cost_of_goods_and_services_sold": 5281000000.0,
            "operating_income": 4856000000.0,
            "selling_general_and_administrative": 3429000000.0,
            "research_and_development": null,
            "operating_expenses": -6603000000.0,
            "investment_income_net": null,
            "net_interest_income": 6278000000.0,
            "interest_income": 8547000000.0,
            "interest_expense": 2269000000.0,
            "non_interest_income": 5182000000.0,
            "other_non_operating_income": null,
            "depreciation": null,
            "depreciation_and_amortization": 380000000.0,
            "income_before_tax": 2587000000.0,
            "income_tax_expense": 834000000.0,
            "interest_and_debt_expense": null,
            "net_income_from_continuing_operations": null,
            "comprehensive_income_net_of_tax": null,
            "ebit": 4856000000.0,
            "ebitda": 5236000000.0,
            "net_income": 1753000000.0
        },
        {
            "fiscal_date_ending": "2008-09-30",
            "reported_currency": "USD",
            "gross_profit": 10379000000.0,
            "total_revenue": 10379000000.0,
            "cost_of_revenue": 4888000000.0,
            "cost_of_goods_and_services_sold": 4888000000.0,
            "operating_income": 4760000000.0,
            "selling_general_and_administrative": 2633000000.0,
            "research_and_development": null,
            "operating_expenses": -5619000000.0,
            "investment_income_net": null,
            "net_interest_income": 6381000000.0,
            "interest_income": 8774000000.0,
            "interest_expense": 2393000000.0,
            "non_interest_income": 3996000000.0,
            "other_non_operating_income": null,
            "depreciation": null,
            "depreciation_and_amortization": 406000000.0,
            "income_before_tax": 2367000000.0,
            "income_tax_expense": 730000000.0,
            "interest_and_debt_expense": null,
            "net_income_from_continuing_operations": null,
            "comprehensive_income_net_of_tax": -72000000.0,
            "ebit": 4760000000.0,
            "ebitda": 5166000000.0,
            "net_income": 1637000000.0
        },
        {
            "fiscal_date_ending": "2008-12-31",
            "reported_currency": "USD",
            "gross_profit": 9824000000.0,
            "total_revenue": 9824000000.0,
            "cost_of_revenue": -409000000.0,
            "cost_of_goods_and_services_sold": -409000000.0,
            "operating_income": -2766000000.0,
            "selling_general_and_administrative": 3177000000.0,
            "research_and_development": null,
            "operating_expenses": -12999000000.0,
            "investment_income_net": null,
            "net_interest_income": 6724000000.0,
            "interest_income": 8728000000.0,
            "interest_expense": 2004000000.0,
            "non_interest_income": 2753000000.0,
            "other_non_operating_income": null,
            "depreciation": null,
            "depreciation_and_amortization": 515000000.0,
            "income_before_tax": -4770000000.0,
            "income_tax_expense": -2036000000.0,
            "interest_and_debt_expense": null,
            "net_income_from_continuing_operations": null,
            "comprehensive_income_net_of_tax": -6827000000.0,
            "ebit": -2766000000.0,
            "ebitda": -2251000000.0,
            "net_income": -2734000000.0
        },
        {
            "fiscal_date_ending": "2009-03-31",
            "reported_currency": "USD",
            "gross_profit": 21174000000.0,
            "total_revenue": 21174000000.0,
            "cost_of_revenue": 7495000000.0,
            "cost_of_goods_and_services_sold": 7495000000.0,
            "operating_income": 7534000000.0,
            "selling_general_and_administrative": 4670000000.0,
            "research_and_development": null,
            "operating_expenses": -13640000000.0,
            "investment_income_net": null,
            "net_interest_income": 11376000000.0,
            "interest_income": 14313000000.0,
            "interest_expense": 2937000000.0,
            "non_interest_income": 9641000000.0,
            "other_non_operating_income": null,
            "depreciation": null,
            "depreciation_and_amortization": 981000000.0,
            "income_before_tax": 4597000000.0,
            "income_tax_expense": 1552000000.0,
            "interest_and_debt_expense": null,
            "net_income_from_continuing_operations": null,
            "comprehensive_income_net_of_tax": 6394000000.0,
            "ebit": 7534000000.0,
            "ebitda": 8515000000.0,
            "net_income": 3045000000.0
        },
        {
            "fiscal_date_ending": "2009-06-30",
            "reported_currency": "USD",
            "gross_profit": 4724000000.0,
            "total_revenue": 17421000000.0,
            "cost_of_revenue": 12697000000.0,
            "cost_of_goods_and_services_sold": 7623000000.0,
            "operating_income": 2714000000.0,
            "selling_general_and_administrative": 1227000000.0,
            "research_and_development": null,
            "operating_expenses": 4625000000.0,
            "investment_income_net": null,
            "net_interest_income": 11764000000.0,
            "interest_income": 14301000000.0,
            "interest_expense": 2537000000.0,
            "non_interest_income": 10743000000.0,
            "other_non_operating_income": null,
            "depreciation": null,
            "depreciation_and_amortization": -68000000.0,
            "income_before_tax": 4647000000.0,
            "income_tax_expense": 1475000000.0,
            "interest_and_debt_expense": 2537000000.0,
            "net_income_from_continuing_operations": 3249000000.0,
            "comprehensive_income_net_of_tax": 6306000000.0,
            "ebit": 7184000000.0,
            "ebitda": 7116000000.0,
            "net_income": 3172000000.0
        },
        {
            "fiscal_date_ending": "2009-09-30",
            "reported_currency": "USD",
            "gross_profit": 4671000000.0,
            "total_revenue": 16355000000.0,
            "cost_of_revenue": 11684000000.0,
            "cost_of_goods_and_services_sold": 8395000000.0,
            "operating_income": 2859000000.0,
            "selling_general_and_administrative": 1034000000.0,
            "research_and_development": null,
            "operating_expenses": 4136000000.0,
            "investment_income_net": null,
            "net_interest_income": 11684000000.0,
            "interest_income": 13968000000.0,
            "interest_expense": 2284000000.0,
            "non_interest_income": 10782000000.0,
            "other_non_operating_income": null,
            "depreciation": null,
            "depreciation_and_amortization": -64000000.0,
            "income_before_tax": 4590000000.0,
            "income_tax_expense": 1355000000.0,
            "interest_and_debt_expense": 2284000000.0,
            "net_income_from_continuing_operations": 3316000000.0,
            "comprehensive_income_net_of_tax": 8023000000.0,
            "ebit": 6874000000.0,
            "ebitda": 6810000000.0,
            "net_income": 3235000000.0
        },
        {
            "fiscal_date_ending": "2009-12-31",
            "reported_currency": "USD",
            "gross_profit": 3962000000.0,
            "total_revenue": 16783000000.0,
            "cost_of_revenue": 12821000000.0,
            "cost_of_goods_and_services_sold": 8105000000.0,
            "operating_income": 2048000000.0,
            "selling_general_and_administrative": 1144000000.0,
            "research_and_development": null,
            "operating_expenses": 3996000000.0,
            "investment_income_net": null,
            "net_interest_income": 11500000000.0,
            "interest_income": 13692000000.0,
            "interest_expense": 2192000000.0,
            "non_interest_income": 11196000000.0,
            "other_non_operating_income": null,
            "depreciation": null,
            "depreciation_and_amortization": 1502000000.0,
            "income_before_tax": 3772000000.0,
            "income_tax_expense": 949000000.0,
            "interest_and_debt_expense": 2192000000.0,
            "net_income_from_continuing_operations": 3013000000.0,
            "comprehensive_income_net_of_tax": 1873000000.0,
            "ebit": 5964000000.0,
            "ebitda": 7466000000.0,
            "net_income": 2823000000.0
        },
        {
            "fiscal_date_ending": "2010-03-31",
            "reported_currency": "USD",
            "gross_profit": 4001000000.0,
            "total_revenue": 16118000000.0,
            "cost_of_revenue": 12117000000.0,
            "cost_of_goods_and_services_sold": 7408000000.0,
            "operating_income": 1883000000.0,
            "selling_general_and_administrative": 1322000000.0,
            "research_and_development": null,
            "operating_expenses": 4168000000.0,
            "investment_income_net": null,
            "net_interest_income": 11147000000.0,
            "interest_income": 13225000000.0,
            "interest_expense": 2078000000.0,
            "non_interest_income": 10301000000.0,
            "other_non_operating_income": null,
            "depreciation": null,
            "depreciation_and_amortization": 606000000.0,
            "income_before_tax": 3948000000.0,
            "income_tax_expense": 1401000000.0,
            "interest_and_debt_expense": 2078000000.0,
            "net_income_from_continuing_operations": 2600000000.0,
            "comprehensive_income_net_of_tax": 3679000000.0,
            "ebit": 6026000000.0,
            "ebitda": 6632000000.0,
            "net_income": 2547000000.0
        },
        {
            "fiscal_date_ending": "2010-06-30",
            "reported_currency": "USD",
            "gross_profit": 4659000000.0,
            "total_revenue": 17405000000.0,
            "cost_of_revenue": 12746000000.0,
            "cost_of_goods_and_services_sold": 6012000000.0,
            "operating_income": -2879000000.0,
            "selling_general_and_administrative": 6852000000.0,
            "research_and_development": null,
            "operating_expenses": 9525000000.0,
            "investment_income_net": null,
            "net_interest_income": 11449000000.0,
            "interest_income": 13472000000.0,
            "interest_expense": 2023000000.0,
            "non_interest_income": 9945000000.0,
            "other_non_operating_income": null,
            "depreciation": null,
            "depreciation_and_amortization": -56000000.0,
            "income_before_tax": 4576000000.0,
            "income_tax_expense": 1514000000.0,
            "interest_and_debt_expense": 2023000000.0,
            "net_income_from_continuing_operations": 3145000000.0,
            "comprehensive_income_net_of_tax": 3911000000.0,
            "ebit": 6599000000.0,
            "ebitda": 6543000000.0,
            "net_income": 3062000000.0
        },
        {
            "fiscal_date_ending": "2010-09-30",
            "reported_currency": "USD",
            "gross_profit": 5176000000.0,
            "total_revenue": 17429000000.0,
            "cost_of_revenue": 12253000000.0,
            "cost_of_goods_and_services_sold": 5477000000.0,
            "operating_income": -2342000000.0,
            "selling_general_and_administrative": 6832000000.0,
            "research_and_development": null,
            "operating_expenses": 9662000000.0,
            "investment_income_net": null,
            "net_interest_income": 11098000000.0,
            "interest_income": 13130000000.0,
            "interest_expense": 2032000000.0,
            "non_interest_income": 9776000000.0,
            "other_non_operating_income": null,
            "depreciation": null,
            "depreciation_and_amortization": -56000000.0,
            "income_before_tax": 5090000000.0,
            "income_tax_expense": 1751000000.0,
            "interest_and_debt_expense": 2032000000.0,
            "net_income_from_continuing_operations": 3425000000.0,
            "comprehensive_income_net_of_tax": 4101000000.0,
            "ebit": 7122000000.0,
            "ebitda": 7066000000.0,
            "net_income": 3339000000.0
        },
        {
            "fiscal_date_ending": "2010-12-31",
            "reported_currency": "USD",
            "gross_profit": 5620000000.0,
            "total_revenue": 18960000000.0,
            "cost_of_revenue": 13340000000.0,
            "cost_of_goods_and_services_sold": 4895000000.0,
            "operating_income": -7537000000.0,
            "selling_general_and_administrative": 7946000000.0,
            "research_and_development": null,
            "operating_expenses": 15429000000.0,
            "investment_income_net": null,
            "net_interest_income": 11063000000.0,
            "interest_income": 12969000000.0,
            "interest_expense": 1906000000.0,
            "non_interest_income": 10431000000.0,
            "other_non_operating_income": null,
            "depreciation": null,
            "depreciation_and_amortization": -153000000.0,
            "income_before_tax": 5086000000.0,
            "income_tax_expense": 1672000000.0,
            "interest_and_debt_expense": 1906000000.0,
            "net_income_from_continuing_operations": 3493000000.0,
            "comprehensive_income_net_of_tax": 2726000000.0,
            "ebit": 6992000000.0,
            "ebitda": 6839000000.0,
            "net_income": 3414000000.0
        },
        {
            "fiscal_date_ending": "2011-03-31",
            "reported_currency": "USD",
            "gross_profit": 5573000000.0,
            "total_revenue": 18306000000.0,
            "cost_of_revenue": 12733000000.0,
            "cost_of_goods_and_services_sold": 4031000000.0,
            "operating_income": -2919000000.0,
            "selling_general_and_administrative": 7193000000.0,
            "research_and_development": null,
            "operating_expenses": 10445000000.0,
            "investment_income_net": null,
            "net_interest_income": 10651000000.0,
            "interest_income": 12472000000.0,
            "interest_expense": 1821000000.0,
            "non_interest_income": 9678000000.0,
            "other_non_operating_income": null,
            "depreciation": null,
            "depreciation_and_amortization": 547000000.0,
            "income_before_tax": 5331000000.0,
            "income_tax_expense": 1572000000.0,
            "interest_and_debt_expense": 1821000000.0,
            "net_income_from_continuing_operations": 3814000000.0,
            "comprehensive_income_net_of_tax": 4042000000.0,
            "ebit": 7152000000.0,
            "ebitda": 7699000000.0,
            "net_income": 3759000000.0
        },
        {
            "fiscal_date_ending": "2011-06-30",
            "reported_currency": "USD",
            "gross_profit": 7174000000.0,
            "total_revenue": 19649000000.0,
            "cost_of_revenue": 12475000000.0,
            "cost_of_goods_and_services_sold": 3544000000.0,
            "operating_income": -1210000000.0,
            "selling_general_and_administrative": 6919000000.0,
            "research_and_development": null,
            "operating_expenses": 10186000000.0,
            "investment_income_net": null,
            "net_interest_income": 10678000000.0,
            "interest_income": 12384000000.0,
            "interest_expense": 1706000000.0,
            "non_interest_income": 9708000000.0,
            "other_non_operating_income": null,
            "depreciation": null,
            "depreciation_and_amortization": 527000000.0,
            "income_before_tax": 5949000000.0,
            "income_tax_expense": 2001000000.0,
            "interest_and_debt_expense": 1706000000.0,
            "net_income_from_continuing_operations": 4072000000.0,
            "comprehensive_income_net_of_tax": 4349000000.0,
            "ebit": 7655000000.0,
            "ebitda": 8182000000.0,
            "net_income": 3948000000.0
        },
        {
            "fiscal_date_ending": "2011-09-30",
            "reported_currency": "USD",
            "gross_profit": 7391000000.0,
            "total_revenue": 19068000000.0,
            "cost_of_revenue": 11677000000.0,
            "cost_of_goods_and_services_sold": 3447000000.0,
            "operating_income": -590000000.0,
            "selling_general_and_administrative": 6586000000.0,
            "research_and_development": null,
            "operating_expenses": 9278000000.0,
            "investment_income_net": null,
            "net_interest_income": 10542000000.0,
            "interest_income": 12178000000.0,
            "interest_expense": 1636000000.0,
            "non_interest_income": 9086000000.0,
            "other_non_operating_income": null,
            "depreciation": null,
            "depreciation_and_amortization": 532000000.0,
            "income_before_tax": 6053000000.0,
            "income_tax_expense": 1998000000.0,
            "interest_and_debt_expense": 1636000000.0,
            "net_income_from_continuing_operations": 4142000000.0,
            "comprehensive_income_net_of_tax": 2717000000.0,
            "ebit": 7689000000.0,
            "ebitda": 8221000000.0,
            "net_income": 4055000000.0
        },
        {
            "fiscal_date_ending": "2011-12-31",
            "reported_currency": "USD",
            "gross_profit": 6844000000.0,
            "total_revenue": 19352000000.0,
            "cost_of_revenue": 12508000000.0,
            "cost_of_goods_and_services_sold": 3526000000.0,
            "operating_income": -5407000000.0,
            "selling_general_and_administrative": 7904000000.0,
            "research_and_development": null,
            "operating_expenses": 13699000000.0,
            "investment_income_net": null,
            "net_interest_income": 10892000000.0,
            "interest_income": 12378000000.0,
            "interest_expense": 1486000000.0,
            "non_interest_income": 9713000000.0,
            "other_non_operating_income": null,
            "depreciation": null,
            "depreciation_and_amortization": -206000000.0,
            "income_before_tax": 5981000000.0,
            "income_tax_expense": 1874000000.0,
            "interest_and_debt_expense": 1486000000.0,
            "net_income_from_continuing_operations": 4183000000.0,
            "comprehensive_income_net_of_tax": 3230000000.0,
            "ebit": 7467000000.0,
            "ebitda": 7261000000.0,
            "net_income": 4107000000.0
        },
        {
            "fiscal_date_ending": "2012-03-31",
            "reported_currency": "USD",
            "gross_profit": 7507000000.0,
            "total_revenue": 20500000000.0,
            "cost_of_revenue": 12993000000.0,
            "cost_of_goods_and_services_sold": 3362000000.0,
            "operating_income": -1351000000.0,
            "selling_general_and_administrative": 7626000000.0,
            "research_and_development": null,
            "operating_expenses": 10221000000.0,
            "investment_income_net": null,
            "net_interest_income": 10888000000.0,
            "interest_income": 12255000000.0,
            "interest_expense": 1367000000.0,
            "non_interest_income": 10748000000.0,
            "other_non_operating_income": null,
            "depreciation": null,
            "depreciation_and_amortization": 477000000.0,
            "income_before_tax": 6576000000.0,
            "income_tax_expense": 2328000000.0,
            "interest_and_debt_expense": 1367000000.0,
            "net_income_from_continuing_operations": 4320000000.0,
            "comprehensive_income_net_of_tax": 5257000000.0,
            "ebit": 7943000000.0,
            "ebitda": 8420000000.0,
            "net_income": 4248000000.0
        },
        {
            "fiscal_date_ending": "2012-06-30",
            "reported_currency": "USD",
            "gross_profit": 7870000000.0,
            "total_revenue": 20267000000.0,
            "cost_of_revenue": 12397000000.0,
            "cost_of_goods_and_services_sold": 3117000000.0,
            "operating_income": -492000000.0,
            "selling_general_and_administrative": 7108000000.0,
            "research_and_development": null,
            "operating_expenses": 9687000000.0,
            "investment_income_net": null,
            "net_interest_income": 11037000000.0,
            "interest_income": 12354000000.0,
            "interest_expense": 1317000000.0,
            "non_interest_income": 10252000000.0,
            "other_non_operating_income": null,
            "depreciation": null,
            "depreciation_and_amortization": 474000000.0,
            "income_before_tax": 6993000000.0,
            "income_tax_expense": 2371000000.0,
            "interest_and_debt_expense": 1317000000.0,
            "net_income_from_continuing_operations": 4721000000.0,
            "comprehensive_income_net_of_tax": 5035000000.0,
            "ebit": 8310000000.0,
            "ebitda": 8784000000.0,
            "net_income": 4622000000.0
        },
        {
            "fiscal_date_ending": "2012-09-30",
            "reported_currency": "USD",
            "gross_profit": 8252000000.0,
            "total_revenue": 20364000000.0,
            "cost_of_revenue": 12112000000.0,
            "cost_of_goods_and_services_sold": 2854000000.0,
            "operating_income": 2298000000.0,
            "selling_general_and_administrative": 4711000000.0,
            "research_and_development": null,
            "operating_expenses": 7117000000.0,
            "investment_income_net": null,
            "net_interest_income": 10662000000.0,
            "interest_income": 11925000000.0,
            "interest_expense": 1263000000.0,
            "non_interest_income": 10551000000.0,
            "other_non_operating_income": null,
            "depreciation": null,
            "depreciation_and_amortization": 477000000.0,
            "income_before_tax": 7417000000.0,
            "income_tax_expense": 2480000000.0,
            "interest_and_debt_expense": 1263000000.0,
            "net_income_from_continuing_operations": 5030000000.0,
            "comprehensive_income_net_of_tax": 6743000000.0,
            "ebit": 8680000000.0,
            "ebitda": 9157000000.0,
            "net_income": 4937000000.0
        },
        {
            "fiscal_date_ending": "2012-12-31",
            "reported_currency": "USD",
            "gross_profit": 8164000000.0,
            "total_revenue": 21060000000.0,
            "cost_of_revenue": 12896000000.0,
            "cost_of_goods_and_services_sold": 3045000000.0,
            "operating_income": -1584000000.0,
            "selling_general_and_administrative": 5536000000.0,
            "research_and_development": null,
            "operating_expenses": 10661000000.0,
            "investment_income_net": null,
            "net_interest_income": 10643000000.0,
            "interest_income": 11857000000.0,
            "interest_expense": 1214000000.0,
            "non_interest_income": 11305000000.0,
            "other_non_operating_income": null,
            "depreciation": null,
            "depreciation_and_amortization": -128000000.0,
            "income_before_tax": 7014000000.0,
            "income_tax_expense": 1924000000.0,
            "interest_and_debt_expense": 1214000000.0,
            "net_income_from_continuing_operations": 5297000000.0,
            "comprehensive_income_net_of_tax": 4305000000.0,
            "ebit": 8228000000.0,
            "ebitda": 8100000000.0,
            "net_income": 5090000000.0
        },
        {
            "fiscal_date_ending": "2013-03-31",
            "reported_currency": "USD",
            "gross_profit": 8248000000.0,
            "total_revenue": 20648000000.0,
            "cost_of_revenue": 12400000000.0,
            "cost_of_goods_and_services_sold": 2370000000.0,
            "operating_income": 1806000000.0,
            "selling_general_and_administrative": 5246000000.0,
            "research_and_development": null,
            "operating_expenses": 7484000000.0,
            "investment_income_net": null,
            "net_interest_income": 10499000000.0,
            "interest_income": 11650000000.0,
            "interest_expense": 1151000000.0,
            "non_interest_income": 10760000000.0,
            "other_non_operating_income": null,
            "depreciation": null,
            "depreciation_and_amortization": 439000000.0,
            "income_before_tax": 7591000000.0,
            "income_tax_expense": 2420000000.0,
            "interest_and_debt_expense": 1151000000.0,
            "net_income_from_continuing_operations": 5220000000.0,
            "comprehensive_income_net_of_tax": 4666000000.0,
            "ebit": 8742000000.0,
            "ebitda": 9181000000.0,
            "net_income": 5171000000.0
        },
        {
            "fiscal_date_ending": "2013-06-30",
            "reported_currency": "USD",
            "gross_profit": 9235000000.0,
            "total_revenue": 21490000000.0,
            "cost_of_revenue": 12255000000.0,
            "cost_of_goods_and_services_sold": 1729000000.0,
            "operating_income": 3118000000.0,
            "selling_general_and_administrative": 4886000000.0,
            "research_and_development": null,
            "operating_expenses": 7202000000.0,
            "investment_income_net": null,
            "net_interest_income": 10750000000.0,
            "interest_income": 11827000000.0,
            "interest_expense": 1077000000.0,
            "non_interest_income": 10628000000.0,
            "other_non_operating_income": null,
            "depreciation": null,
            "depreciation_and_amortization": 439000000.0,
            "income_before_tax": 8382000000.0,
            "income_tax_expense": 2863000000.0,
            "interest_and_debt_expense": 1077000000.0,
            "net_income_from_continuing_operations": 5608000000.0,
            "comprehensive_income_net_of_tax": 2171000000.0,
            "ebit": 9459000000.0,
            "ebitda": 9898000000.0,
            "net_income": 5519000000.0
        },
        {
            "fiscal_date_ending": "2013-09-30",
            "reported_currency": "USD",
            "gross_profit": 9035000000.0,
            "total_revenue": 21137000000.0,
            "cost_of_revenue": 12102000000.0,
            "cost_of_goods_and_services_sold": 1103000000.0,
            "operating_income": 2748000000.0,
            "selling_general_and_administrative": 5082000000.0,
            "research_and_development": null,
            "operating_expenses": 7293000000.0,
            "investment_income_net": null,
            "net_interest_income": 10748000000.0,
            "interest_income": 11776000000.0,
            "interest_expense": 1028000000.0,
            "non_interest_income": 9730000000.0,
            "other_non_operating_income": null,
            "depreciation": null,
            "depreciation_and_amortization": 438000000.0,
            "income_before_tax": 8196000000.0,
            "income_tax_expense": 2618000000.0,
            "interest_and_debt_expense": 1028000000.0,
            "net_income_from_continuing_operations": 5683000000.0,
            "comprehensive_income_net_of_tax": 6070000000.0,
            "ebit": 9224000000.0,
            "ebitda": 9662000000.0,
            "net_income": 5578000000.0
        },
        {
            "fiscal_date_ending": "2013-12-31",
            "reported_currency": "USD",
            "gross_profit": 6819000000.0,
            "total_revenue": 18904000000.0,
            "cost_of_revenue": 12085000000.0,
            "cost_of_goods_and_services_sold": 1396000000.0,
            "operating_income": 16518000000.0,
            "selling_general_and_administrative": -13346000000.0,
            "research_and_development": null,
            "operating_expenses": -8528000000.0,
            "investment_income_net": null,
            "net_interest_income": 10803000000.0,
            "interest_income": 11836000000.0,
            "interest_expense": 1033000000.0,
            "non_interest_income": 9862000000.0,
            "other_non_operating_income": null,
            "depreciation": null,
            "depreciation_and_amortization": -116000000.0,
            "income_before_tax": 8114000000.0,
            "income_tax_expense": 2504000000.0,
            "interest_and_debt_expense": 1033000000.0,
            "net_income_from_continuing_operations": 5713000000.0,
            "comprehensive_income_net_of_tax": 4707000000.0,
            "ebit": 9147000000.0,
            "ebitda": 9031000000.0,
            "net_income": 5610000000.0
        },
        {
            "fiscal_date_ending": "2014-03-31",
            "reported_currency": "USD",
            "gross_profit": 8482000000.0,
            "total_revenue": 20430000000.0,
            "cost_of_revenue": 11948000000.0,
            "cost_of_goods_and_services_sold": 1322000000.0,
            "operating_income": 7444000000.0,
            "selling_general_and_administrative": 5842000000.0,
            "research_and_development": null,
            "operating_expenses": 2035000000.0,
            "investment_income_net": null,
            "net_interest_income": 10615000000.0,
            "interest_income": 11612000000.0,
            "interest_expense": 997000000.0,
            "non_interest_income": 10010000000.0,
            "other_non_operating_income": null,
            "depreciation": null,
            "depreciation_and_amortization": 405000000.0,
            "income_before_tax": 8170000000.0,
            "income_tax_expense": 2277000000.0,
            "interest_and_debt_expense": 997000000.0,
            "net_income_from_continuing_operations": 6075000000.0,
            "comprehensive_income_net_of_tax": 7259000000.0,
            "ebit": 9167000000.0,
            "ebitda": 9572000000.0,
            "net_income": 5893000000.0
        },
        {
            "fiscal_date_ending": "2014-06-30",
            "reported_currency": "USD",
            "gross_profit": 8784000000.0,
            "total_revenue": 20978000000.0,
            "cost_of_revenue": 12194000000.0,
            "cost_of_goods_and_services_sold": 1219000000.0,
            "operating_income": 7773000000.0,
            "selling_general_and_administrative": 5687000000.0,
            "research_and_development": null,
            "operating_expenses": 2013000000.0,
            "investment_income_net": null,
            "net_interest_income": 10791000000.0,
            "interest_income": 11793000000.0,
            "interest_expense": 1002000000.0,
            "non_interest_income": 10275000000.0,
            "other_non_operating_income": null,
            "depreciation": null,
            "depreciation_and_amortization": 428000000.0,
            "income_before_tax": 8595000000.0,
            "income_tax_expense": 2869000000.0,
            "interest_and_debt_expense": 1002000000.0,
            "net_income_from_continuing_operations": 5786000000.0,
            "comprehensive_income_net_of_tax": 7091000000.0,
            "ebit": 9597000000.0,
            "ebitda": 10025000000.0,
            "net_income": 5726000000.0
        },
        {
            "fiscal_date_ending": "2014-09-30",
            "reported_currency": "USD",
            "gross_profit": 8561000000.0,
            "total_revenue": 21225000000.0,
            "cost_of_revenue": 12664000000.0,
            "cost_of_goods_and_services_sold": 1391000000.0,
            "operating_income": 2643000000.0,
            "selling_general_and_administrative": 5576000000.0,
            "research_and_development": null,
            "operating_expenses": 5918000000.0,
            "investment_income_net": null,
            "net_interest_income": 10941000000.0,
            "interest_income": 11964000000.0,
            "interest_expense": 1023000000.0,
            "non_interest_income": 10272000000.0,
            "other_non_operating_income": null,
            "depreciation": null,
            "depreciation_and_amortization": 342000000.0,
            "income_before_tax": 8371000000.0,
            "income_tax_expense": 2642000000.0,
            "interest_and_debt_expense": 1023000000.0,
            "net_income_from_continuing_operations": 5955000000.0,
            "comprehensive_income_net_of_tax": 4730000000.0,
            "ebit": 9394000000.0,
            "ebitda": 9736000000.0,
            "net_income": 5729000000.0
        },
        {
            "fiscal_date_ending": "2014-12-31",
            "reported_currency": "USD",
            "gross_profit": 8143000000.0,
            "total_revenue": 21338000000.0,
            "cost_of_revenue": 13195000000.0,
            "cost_of_goods_and_services_sold": 1488000000.0,
            "operating_income": -5819000000.0,
            "selling_general_and_administrative": 12819000000.0,
            "research_and_development": null,
            "operating_expenses": 13934000000.0,
            "investment_income_net": null,
            "net_interest_income": 11180000000.0,
            "interest_income": 12183000000.0,
            "interest_expense": 1003000000.0,
            "non_interest_income": 10263000000.0,
            "other_non_operating_income": null,
            "depreciation": null,
            "depreciation_and_amortization": 168000000.0,
            "income_before_tax": 8228000000.0,
            "income_tax_expense": 2519000000.0,
            "interest_and_debt_expense": 1003000000.0,
            "net_income_from_continuing_operations": 5792000000.0,
            "comprehensive_income_net_of_tax": 6109000000.0,
            "ebit": 9231000000.0,
            "ebitda": 9399000000.0,
            "net_income": 5709000000.0
        },
        {
            "fiscal_date_ending": "2015-03-31",
            "reported_currency": "USD",
            "gross_profit": 7879000000.0,
            "total_revenue": 21056000000.0,
            "cost_of_revenue": 13177000000.0,
            "cost_of_goods_and_services_sold": 1585000000.0,
            "operating_income": 1516000000.0,
            "selling_general_and_administrative": 6051000000.0,
            "research_and_development": null,
            "operating_expenses": 6363000000.0,
            "investment_income_net": null,
            "net_interest_income": 10986000000.0,
            "interest_income": 11963000000.0,
            "interest_expense": 977000000.0,
            "non_interest_income": 10292000000.0,
            "other_non_operating_income": null,
            "depreciation": null,
            "depreciation_and_amortization": 312000000.0,
            "income_before_tax": 8083000000.0,
            "income_tax_expense": 2279000000.0,
            "interest_and_debt_expense": 977000000.0,
            "net_income_from_continuing_operations": 5884000000.0,
            "comprehensive_income_net_of_tax": 6063000000.0,
            "ebit": 9060000000.0,
            "ebitda": 9372000000.0,
            "net_income": 5804000000.0
        },
        {
            "fiscal_date_ending": "2015-06-30",
            "reported_currency": "USD",
            "gross_profit": 8589000000.0,
            "total_revenue": 21423000000.0,
            "cost_of_revenue": 12834000000.0,
            "cost_of_goods_and_services_sold": 1256000000.0,
            "operating_income": 2525000000.0,
            "selling_general_and_administrative": 5752000000.0,
            "research_and_development": null,
            "operating_expenses": 6064000000.0,
            "investment_income_net": null,
            "net_interest_income": 11270000000.0,
            "interest_income": 12226000000.0,
            "interest_expense": 956000000.0,
            "non_interest_income": 10048000000.0,
            "other_non_operating_income": null,
            "depreciation": null,
            "depreciation_and_amortization": 312000000.0,
            "income_before_tax": 8482000000.0,
            "income_tax_expense": 2763000000.0,
            "interest_and_debt_expense": 956000000.0,
            "net_income_from_continuing_operations": 5786000000.0,
            "comprehensive_income_net_of_tax": 4010000000.0,
            "ebit": 9438000000.0,
            "ebitda": 9750000000.0,
            "net_income": 5719000000.0
        },
        {
            "fiscal_date_ending": "2015-09-30",
            "reported_currency": "USD",
            "gross_profit": 8422000000.0,
            "total_revenue": 21589000000.0,
            "cost_of_revenue": 13167000000.0,
            "cost_of_goods_and_services_sold": 1691000000.0,
            "operating_income": 2527000000.0,
            "selling_general_and_administrative": 5584000000.0,
            "research_and_development": null,
            "operating_expenses": 5895000000.0,
            "investment_income_net": null,
            "net_interest_income": 11457000000.0,
            "interest_income": 12445000000.0,
            "interest_expense": 988000000.0,
            "non_interest_income": 10418000000.0,
            "other_non_operating_income": null,
            "depreciation": null,
            "depreciation_and_amortization": 311000000.0,
            "income_before_tax": 8586000000.0,
            "income_tax_expense": 2790000000.0,
            "interest_and_debt_expense": 988000000.0,
            "net_income_from_continuing_operations": 5983000000.0,
            "comprehensive_income_net_of_tax": 6117000000.0,
            "ebit": 9574000000.0,
            "ebitda": 9885000000.0,
            "net_income": 5796000000.0
        },
        {
            "fiscal_date_ending": "2015-12-31",
            "reported_currency": "USD",
            "gross_profit": 7662000000.0,
            "total_revenue": 21158000000.0,
            "cost_of_revenue": 13496000000.0,
            "cost_of_goods_and_services_sold": 1886000000.0,
            "operating_income": -6151000000.0,
            "selling_general_and_administrative": 12570000000.0,
            "research_and_development": null,
            "operating_expenses": 13738000000.0,
            "investment_income_net": null,
            "net_interest_income": 11588000000.0,
            "interest_income": 12643000000.0,
            "interest_expense": 1055000000.0,
            "non_interest_income": 9998000000.0,
            "other_non_operating_income": null,
            "depreciation": null,
            "depreciation_and_amortization": 265000000.0,
            "income_before_tax": 8108000000.0,
            "income_tax_expense": 2533000000.0,
            "interest_and_debt_expense": 1055000000.0,
            "net_income_from_continuing_operations": 5623000000.0,
            "comprehensive_income_net_of_tax": 3483000000.0,
            "ebit": 9163000000.0,
            "ebitda": 9428000000.0,
            "net_income": 5575000000.0
        },
        {
            "fiscal_date_ending": "2016-03-31",
            "reported_currency": "USD",
            "gross_profit": 7675000000.0,
            "total_revenue": 21856000000.0,
            "cost_of_revenue": 14181000000.0,
            "cost_of_goods_and_services_sold": 381000000.0,
            "operating_income": 1109000000.0,
            "selling_general_and_administrative": 6273000000.0,
            "research_and_development": null,
            "operating_expenses": 6566000000.0,
            "investment_income_net": null,
            "net_interest_income": 11667000000.0,
            "interest_income": 12972000000.0,
            "interest_expense": 1305000000.0,
            "non_interest_income": 10528000000.0,
            "other_non_operating_income": null,
            "depreciation": null,
            "depreciation_and_amortization": 293000000.0,
            "income_before_tax": 8029000000.0,
            "income_tax_expense": 2567000000.0,
            "interest_and_debt_expense": 1305000000.0,
            "net_income_from_continuing_operations": 5514000000.0,
            "comprehensive_income_net_of_tax": 6939000000.0,
            "ebit": 9334000000.0,
            "ebitda": 9627000000.0,
            "net_income": 5462000000.0
        },
        {
            "fiscal_date_ending": "2016-06-30",
            "reported_currency": "USD",
            "gross_profit": 7969000000.0,
            "total_revenue": 21977000000.0,
            "cost_of_revenue": 14008000000.0,
            "cost_of_goods_and_services_sold": 290000000.0,
            "operating_income": 1611000000.0,
            "selling_general_and_administrative": 6059000000.0,
            "research_and_development": null,
            "operating_expenses": 6358000000.0,
            "investment_income_net": null,
            "net_interest_income": 11733000000.0,
            "interest_income": 13146000000.0,
            "interest_expense": 1413000000.0,
            "non_interest_income": 10429000000.0,
            "other_non_operating_income": null,
            "depreciation": null,
            "depreciation_and_amortization": 299000000.0,
            "income_before_tax": 8207000000.0,
            "income_tax_expense": 2649000000.0,
            "interest_and_debt_expense": 1413000000.0,
            "net_income_from_continuing_operations": 5573000000.0,
            "comprehensive_income_net_of_tax": 6732000000.0,
            "ebit": 9620000000.0,
            "ebitda": 9919000000.0,
            "net_income": 5558000000.0
        },
        {
            "fiscal_date_ending": "2016-09-30",
            "reported_currency": "USD",
            "gross_profit": 8326000000.0,
            "total_revenue": 22466000000.0,
            "cost_of_revenue": 14140000000.0,
            "cost_of_goods_and_services_sold": 2340000000.0,
            "operating_income": 1862000000.0,
            "selling_general_and_administrative": 6165000000.0,
            "research_and_development": null,
            "operating_expenses": 6464000000.0,
            "investment_income_net": null,
            "net_interest_income": 11952000000.0,
            "interest_income": 13487000000.0,
            "interest_expense": 1535000000.0,
            "non_interest_income": 10376000000.0,
            "other_non_operating_income": null,
            "depreciation": null,
            "depreciation_and_amortization": 299000000.0,
            "income_before_tax": 8245000000.0,
            "income_tax_expense": 2601000000.0,
            "interest_and_debt_expense": 1535000000.0,
            "net_income_from_continuing_operations": 5654000000.0,
            "comprehensive_income_net_of_tax": 4880000000.0,
            "ebit": 9780000000.0,
            "ebitda": 10079000000.0,
            "net_income": 5644000000.0
        },
        {
            "fiscal_date_ending": "2016-12-31",
            "reported_currency": "USD",
            "gross_profit": 7649000000.0,
            "total_revenue": 21968000000.0,
            "cost_of_revenue": 14087000000.0,
            "cost_of_goods_and_services_sold": 660000000.0,
            "operating_income": -7097000000.0,
            "selling_general_and_administrative": 13234000000.0,
            "research_and_development": null,
            "operating_expenses": 14702000000.0,
            "investment_income_net": null,
            "net_interest_income": 12402000000.0,
            "interest_income": 14058000000.0,
            "interest_expense": 1656000000.0,
            "non_interest_income": 9180000000.0,
            "other_non_operating_income": null,
            "depreciation": null,
            "depreciation_and_amortization": 309000000.0,
            "income_before_tax": 7532000000.0,
            "income_tax_expense": 2258000000.0,
            "interest_and_debt_expense": 1656000000.0,
            "net_income_from_continuing_operations": 5304000000.0,
            "comprehensive_income_net_of_tax": -47000000.0,
            "ebit": 9188000000.0,
            "ebitda": 9497000000.0,
            "net_income": 5274000000.0
        },
        {
            "fiscal_date_ending": "2017-03-31",
            "reported_currency": "USD",
            "gross_profit": 7996000000.0,
            "total_revenue": 22255000000.0,
            "cost_of_revenue": 14464000000.0,
            "cost_of_goods_and_services_sold": 2494000000.0,
            "operating_income": 1048000000.0,
            "selling_general_and_administrative": 6659000000.0,
            "research_and_development": null,
            "operating_expenses": 6948000000.0,
            "investment_income_net": null,
            "net_interest_income": 12324000000.0,
            "interest_income": 14213000000.0,
            "interest_expense": 1889000000.0,
            "non_interest_income": 9931000000.0,
            "other_non_operating_income": null,
            "depreciation": null,
            "depreciation_and_amortization": 289000000.0,
            "income_before_tax": 7767000000.0,
            "income_tax_expense": 2133000000.0,
            "interest_and_debt_expense": 1926000000.0,
            "net_income_from_continuing_operations": 5548000000.0,
            "comprehensive_income_net_of_tax": 5450000000.0,
            "ebit": 9656000000.0,
            "ebitda": 9945000000.0,
            "net_income": 5634000000.0
        },
        {
            "fiscal_date_ending": "2017-06-30",
            "reported_currency": "USD",
            "gross_profit": 8695000000.0,
            "total_revenue": 22235000000.0,
            "cost_of_revenue": 14162000000.0,
            "cost_of_goods_and_services_sold": 2778000000.0,
            "operating_income": 2051000000.0,
            "selling_general_and_administrative": 6357000000.0,
            "research_and_development": null,
            "operating_expenses": 6644000000.0,
            "investment_income_net": null,
            "net_interest_income": 12471000000.0,
            "interest_income": 14694000000.0,
            "interest_expense": 2223000000.0,
            "non_interest_income": 9764000000.0,
            "other_non_operating_income": null,
            "depreciation": null,
            "depreciation_and_amortization": 287000000.0,
            "income_before_tax": 8101000000.0,
            "income_tax_expense": 2245000000.0,
            "interest_and_debt_expense": 2232000000.0,
            "net_income_from_continuing_operations": 5848000000.0,
            "comprehensive_income_net_of_tax": 6861000000.0,
            "ebit": 10324000000.0,
            "ebitda": 10611000000.0,
            "net_income": 5856000000.0
        },
        {
            "fiscal_date_ending": "2017-09-30",
            "reported_currency": "USD",
            "gross_profit": 7447000000.0,
            "total_revenue": 21849000000.0,
            "cost_of_revenue": 15133000000.0,
            "cost_of_goods_and_services_sold": 3312000000.0,
            "operating_income": 808000000.0,
            "selling_general_and_administrative": 6351000000.0,
            "research_and_development": null,
            "operating_expenses": 6639000000.0,
            "investment_income_net": null,
            "net_interest_income": 12449000000.0,
            "interest_income": 15044000000.0,
            "interest_expense": 2595000000.0,
            "non_interest_income": 9400000000.0,
            "other_non_operating_income": null,
            "depreciation": null,
            "depreciation_and_amortization": 288000000.0,
            "income_before_tax": 6723000000.0,
            "income_tax_expense": 2181000000.0,
            "interest_and_debt_expense": 2582000000.0,
            "net_income_from_continuing_operations": 4654000000.0,
            "comprehensive_income_net_of_tax": 5068000000.0,
            "ebit": 9318000000.0,
            "ebitda": 9606000000.0,
            "net_income": 4542000000.0
        },
        {
            "fiscal_date_ending": "2017-12-31",
            "reported_currency": "USD",
            "gross_profit": 2976000000.0,
            "total_revenue": 22050000000.0,
            "cost_of_revenue": 17516000000.0,
            "cost_of_goods_and_services_sold": -242000000.0,
            "operating_income": -12805000000.0,
            "selling_general_and_administrative": 14094000000.0,
            "research_and_development": null,
            "operating_expenses": 15653000000.0,
            "investment_income_net": null,
            "net_interest_income": 12313000000.0,
            "interest_income": 14958000000.0,
            "interest_expense": 2645000000.0,
            "non_interest_income": 9737000000.0,
            "other_non_operating_income": null,
            "depreciation": null,
            "depreciation_and_amortization": 336000000.0,
            "income_before_tax": 4509000000.0,
            "income_tax_expense": -1642000000.0,
            "interest_and_debt_expense": 2612000000.0,
            "net_income_from_continuing_operations": 6410000000.0,
            "comprehensive_income_net_of_tax": 5629000000.0,
            "ebit": 7154000000.0,
            "ebitda": 7490000000.0,
            "net_income": 6151000000.0
        },
        {
            "fiscal_date_ending": "2018-03-31",
            "reported_currency": "USD",
            "gross_profit": 6636000000.0,
            "total_revenue": 21934000000.0,
            "cost_of_revenue": 15298000000.0,
            "cost_of_goods_and_services_sold": -783000000.0,
            "operating_income": -303000000.0,
            "selling_general_and_administrative": 6674000000.0,
            "research_and_development": null,
            "operating_expenses": 6939000000.0,
            "investment_income_net": null,
            "net_interest_income": 12238000000.0,
            "interest_income": 15347000000.0,
            "interest_expense": 3109000000.0,
            "non_interest_income": 9696000000.0,
            "other_non_operating_income": null,
            "depreciation": null,
            "depreciation_and_amortization": 265000000.0,
            "income_before_tax": 6510000000.0,
            "income_tax_expense": 1374000000.0,
            "interest_and_debt_expense": 3109000000.0,
            "net_income_from_continuing_operations": 5327000000.0,
            "comprehensive_income_net_of_tax": 2477000000.0,
            "ebit": 9619000000.0,
            "ebitda": 9884000000.0,
            "net_income": 5136000000.0
        },
        {
            "fiscal_date_ending": "2018-06-30",
            "reported_currency": "USD",
            "gross_profit": 7054000000.0,
            "total_revenue": 21553000000.0,
            "cost_of_revenue": 14499000000.0,
            "cost_of_goods_and_services_sold": 3926000000.0,
            "operating_income": 357000000.0,
            "selling_general_and_administrative": 6432000000.0,
            "research_and_development": null,
            "operating_expenses": 6697000000.0,
            "investment_income_net": null,
            "net_interest_income": 12541000000.0,
            "interest_income": 16015000000.0,
            "interest_expense": 3474000000.0,
            "non_interest_income": 9012000000.0,
            "other_non_operating_income": null,
            "depreciation": null,
            "depreciation_and_amortization": 265000000.0,
            "income_before_tax": 6996000000.0,
            "income_tax_expense": 1810000000.0,
            "interest_and_debt_expense": 3474000000.0,
            "net_income_from_continuing_operations": 5309000000.0,
            "comprehensive_income_net_of_tax": 4646000000.0,
            "ebit": 10470000000.0,
            "ebitda": 10735000000.0,
            "net_income": 5186000000.0
        },
        {
            "fiscal_date_ending": "2018-09-30",
            "reported_currency": "USD",
            "gross_profit": 7530000000.0,
            "total_revenue": 21941000000.0,
            "cost_of_revenue": 14411000000.0,
            "cost_of_goods_and_services_sold": 4372000000.0,
            "operating_income": 710000000.0,
            "selling_general_and_administrative": 6556000000.0,
            "research_and_development": null,
            "operating_expenses": 6820000000.0,
            "investment_income_net": null,
            "net_interest_income": 12572000000.0,
            "interest_income": 16364000000.0,
            "interest_expense": 3792000000.0,
            "non_interest_income": 9369000000.0,
            "other_non_operating_income": null,
            "depreciation": null,
            "depreciation_and_amortization": 264000000.0,
            "income_before_tax": 7519000000.0,
            "income_tax_expense": 1512000000.0,
            "interest_and_debt_expense": 3792000000.0,
            "net_income_from_continuing_operations": 6086000000.0,
            "comprehensive_income_net_of_tax": 4995000000.0,
            "ebit": 11311000000.0,
            "ebitda": 11575000000.0,
            "net_income": 6007000000.0
        },
        {
            "fiscal_date_ending": "2018-12-31",
            "reported_currency": "USD",
            "gross_profit": 7052000000.0,
            "total_revenue": 20980000000.0,
            "cost_of_revenue": 13928000000.0,
            "cost_of_goods_and_services_sold": 4798000000.0,
            "operating_income": -6898000000.0,
            "selling_general_and_administrative": 11252000000.0,
            "research_and_development": null,
            "operating_expenses": 13918000000.0,
            "investment_income_net": null,
            "net_interest_income": 12644000000.0,
            "interest_income": 16921000000.0,
            "interest_expense": 4277000000.0,
            "non_interest_income": 8336000000.0,
            "other_non_operating_income": null,
            "depreciation": null,
            "depreciation_and_amortization": 506000000.0,
            "income_before_tax": 7030000000.0,
            "income_tax_expense": 966000000.0,
            "interest_and_debt_expense": 4277000000.0,
            "net_income_from_continuing_operations": 6154000000.0,
            "comprehensive_income_net_of_tax": 6601000000.0,
            "ebit": 11307000000.0,
            "ebitda": 11813000000.0,
            "net_income": 6064000000.0
        },
        {
            "fiscal_date_ending": "2019-03-31",
            "reported_currency": "USD",
            "gross_profit": 6782000000.0,
            "total_revenue": 21609000000.0,
            "cost_of_revenue": 14827000000.0,
            "cost_of_goods_and_services_sold": null,
            "operating_income": -326000000.0,
            "selling_general_and_administrative": 7080000000.0,
            "research_and_development": null,
            "operating_expenses": 7108000000.0,
            "investment_income_net": null,
            "net_interest_income": 12311000000.0,
            "interest_income": 17003000000.0,
            "interest_expense": 4692000000.0,
            "non_interest_income": 9298000000.0,
            "other_non_operating_income": null,
            "depreciation": null,
            "depreciation_and_amortization": 28000000.0,
            "income_before_tax": 6741000000.0,
            "income_tax_expense": 881000000.0,
            "interest_and_debt_expense": 4692000000.0,
            "net_income_from_continuing_operations": 5967000000.0,
            "comprehensive_income_net_of_tax": 8033000000.0,
            "ebit": 11433000000.0,
            "ebitda": 11461000000.0,
            "net_income": 5860000000.0
        },
        {
            "fiscal_date_ending": "2019-06-30",
            "reported_currency": "USD",
            "gross_profit": 7563000000.0,
            "total_revenue": 21584000000.0,
            "cost_of_revenue": 14021000000.0,
            "cost_of_goods_and_services_sold": null,
            "operating_income": 940000000.0,
            "selling_general_and_administrative": 6596000000.0,
            "research_and_development": null,
            "operating_expenses": 6623000000.0,
            "investment_income_net": null,
            "net_interest_income": 12095000000.0,
            "interest_income": 16986000000.0,
            "interest_expense": 4891000000.0,
            "non_interest_income": 9489000000.0,
            "other_non_operating_income": null,
            "depreciation": null,
            "depreciation_and_amortization": 27000000.0,
            "income_before_tax": 7500000000.0,
            "income_tax_expense": 1294000000.0,
            "interest_and_debt_expense": 4891000000.0,
            "net_income_from_continuing_operations": 6338000000.0,
            "comprehensive_income_net_of_tax": 7664000000.0,
            "ebit": 12391000000.0,
            "ebitda": 12418000000.0,
            "net_income": 6206000000.0
        },
        {
            "fiscal_date_ending": "2019-09-30",
            "reported_currency": "USD",
            "gross_profit": 6048000000.0,
            "total_revenue": 22010000000.0,
            "cost_of_revenue": 15962000000.0,
            "cost_of_goods_and_services_sold": 272000000.0,
            "operating_income": -598000000.0,
            "selling_general_and_administrative": 6619000000.0,
            "research_and_development": null,
            "operating_expenses": 6646000000.0,
            "investment_income_net": null,
            "net_interest_income": 11625000000.0,
            "interest_income": 16499000000.0,
            "interest_expense": 4874000000.0,
            "non_interest_income": 10385000000.0,
            "other_non_operating_income": null,
            "depreciation": null,
            "depreciation_and_amortization": 27000000.0,
            "income_before_tax": 5914000000.0,
            "income_tax_expense": 1304000000.0,
            "interest_and_debt_expense": 4874000000.0,
            "net_income_from_continuing_operations": 4812000000.0,
            "comprehensive_income_net_of_tax": 5195000000.0,
            "ebit": 10788000000.0,
            "ebitda": 10815000000.0,
            "net_income": 4610000000.0
        },
        {
            "fiscal_date_ending": "2019-12-31",
            "reported_currency": "USD",
            "gross_profit": 3531000000.0,
            "total_revenue": 19860000000.0,
            "cost_of_revenue": 16329000000.0,
            "cost_of_goods_and_services_sold": 331000000.0,
            "operating_income": -15969000000.0,
            "selling_general_and_administrative": 11853000000.0,
            "research_and_development": null,
            "operating_expenses": 15578000000.0,
            "investment_income_net": null,
            "net_interest_income": 11272000000.0,
            "interest_income": 15667000000.0,
            "interest_expense": 4395000000.0,
            "non_interest_income": 10357000000.0,
            "other_non_operating_income": null,
            "depreciation": null,
            "depreciation_and_amortization": 1318000000.0,
            "income_before_tax": 5321000000.0,
            "income_tax_expense": 2282000000.0,
            "interest_and_debt_expense": 4395000000.0,
            "net_income_from_continuing_operations": 2924000000.0,
            "comprehensive_income_net_of_tax": 3201000000.0,
            "ebit": 9716000000.0,
            "ebitda": 11034000000.0,
            "net_income": 3039000000.0
        },
        {
            "fiscal_date_ending": "2020-03-31",
            "reported_currency": "USD",
            "gross_profit": 598000000.0,
            "total_revenue": 17717000000.0,
            "cost_of_revenue": 17119000000.0,
            "cost_of_goods_and_services_sold": 260000000.0,
            "operating_income": -8484000000.0,
            "selling_general_and_administrative": 7474000000.0,
            "research_and_development": null,
            "operating_expenses": 8127000000.0,
            "investment_income_net": null,
            "net_interest_income": 11312000000.0,
            "interest_income": 14727000000.0,
            "interest_expense": 3415000000.0,
            "non_interest_income": 6405000000.0,
            "other_non_operating_income": null,
            "depreciation": null,
            "depreciation_and_amortization": 23000000.0,
            "income_before_tax": 812000000.0,
            "income_tax_expense": 159000000.0,
            "interest_and_debt_expense": 3415000000.0,
            "net_income_from_continuing_operations": 505000000.0,
            "comprehensive_income_net_of_tax": 399000000.0,
            "ebit": 4227000000.0,
            "ebitda": 4250000000.0,
            "net_income": 653000000.0
        },
        {
            "fiscal_date_ending": "2020-06-30",
            "reported_currency": "USD",
            "gross_profit": -6349000000.0,
            "total_revenue": 17836000000.0,
            "cost_of_revenue": 24185000000.0,
            "cost_of_goods_and_services_sold": 244000000.0,
            "operating_income": -9799000000.0,
            "selling_general_and_administrative": 1766000000.0,
            "research_and_development": null,
            "operating_expenses": 2422000000.0,
            "investment_income_net": null,
            "net_interest_income": 9892000000.0,
            "interest_income": 11813000000.0,
            "interest_expense": 1921000000.0,
            "non_interest_income": 8394000000.0,
            "other_non_operating_income": null,
            "depreciation": null,
            "depreciation_and_amortization": 22000000.0,
            "income_before_tax": -5847000000.0,
            "income_tax_expense": -2001000000.0,
            "interest_and_debt_expense": 1921000000.0,
            "net_income_from_continuing_operations": -2332000000.0,
            "comprehensive_income_net_of_tax": -1613000000.0,
            "ebit": -3926000000.0,
            "ebitda": -3904000000.0,
            "net_income": -3846000000.0
        },
        {
            "fiscal_date_ending": "2020-09-30",
            "reported_currency": "USD",
            "gross_profit": 2499000000.0,
            "total_revenue": 18862000000.0,
            "cost_of_revenue": 16363000000.0,
            "cost_of_goods_and_services_sold": 291000000.0,
            "operating_income": -974000000.0,
            "selling_general_and_administrative": 995000000.0,
            "research_and_development": null,
            "operating_expenses": 3473000000.0,
            "investment_income_net": null,
            "net_interest_income": 9379000000.0,
            "interest_income": 10811000000.0,
            "interest_expense": 1432000000.0,
            "non_interest_income": 9937000000.0,
            "other_non_operating_income": null,
            "depreciation": null,
            "depreciation_and_amortization": 266000000.0,
            "income_before_tax": 3133000000.0,
            "income_tax_expense": -83000000.0,
            "interest_and_debt_expense": 1432000000.0,
            "net_income_from_continuing_operations": 2219000000.0,
            "comprehensive_income_net_of_tax": 2084000000.0,
            "ebit": 4565000000.0,
            "ebitda": 4831000000.0,
            "net_income": 3216000000.0
        },
        {
            "fiscal_date_ending": "2020-12-31",
            "reported_currency": "USD",
            "gross_profit": -4841000000.0,
            "total_revenue": 19684000000.0,
            "cost_of_revenue": 14896000000.0,
            "cost_of_goods_and_services_sold": 205000000.0,
            "operating_income": -9339000000.0,
            "selling_general_and_administrative": 964000000.0,
            "research_and_development": null,
            "operating_expenses": 4427000000.0,
            "investment_income_net": null,
            "net_interest_income": 9355000000.0,
            "interest_income": 10550000000.0,
            "interest_expense": 1195000000.0,
            "non_interest_income": 9134000000.0,
            "other_non_operating_income": null,
            "depreciation": null,
            "depreciation_and_amortization": 1089000000.0,
            "income_before_tax": 3665000000.0,
            "income_tax_expense": 574000000.0,
            "interest_and_debt_expense": 1195000000.0,
            "net_income_from_continuing_operations": 3194000000.0,
            "comprehensive_income_net_of_tax": 4012000000.0,
            "ebit": 4860000000.0,
            "ebitda": 5949000000.0,
            "net_income": 3091000000.0
        },
        {
            "fiscal_date_ending": "2021-03-31",
            "reported_currency": "USD",
            "gross_profit": 7143000000.0,
            "total_revenue": 19770000000.0,
            "cost_of_revenue": 13232000000.0,
            "cost_of_goods_and_services_sold": 226000000.0,
            "operating_income": 4796000000.0,
            "selling_general_and_administrative": 860000000.0,
            "research_and_development": null,
            "operating_expenses": 2347000000.0,
            "investment_income_net": null,
            "net_interest_income": 8808000000.0,
            "interest_income": 10046000000.0,
            "interest_expense": 1238000000.0,
            "non_interest_income": 9724000000.0,
            "other_non_operating_income": null,
            "depreciation": null,
            "depreciation_and_amortization": 86000000.0,
            "income_before_tax": 5537000000.0,
            "income_tax_expense": 901000000.0,
            "interest_and_debt_expense": 1238000000.0,
            "net_income_from_continuing_operations": 4796000000.0,
            "comprehensive_income_net_of_tax": 3192000000.0,
            "ebit": 6775000000.0,
            "ebitda": 6861000000.0,
            "net_income": 4636000000.0
        },
        {
            "fiscal_date_ending": "2021-06-30",
            "reported_currency": "USD",
            "gross_profit": 10425000000.0,
            "total_revenue": 21163000000.0,
            "cost_of_revenue": 12340000000.0,
            "cost_of_goods_and_services_sold": 226000000.0,
            "operating_income": 8112000000.0,
            "selling_general_and_administrative": 867000000.0,
            "research_and_development": null,
            "operating_expenses": 2313000000.0,
            "investment_income_net": null,
            "net_interest_income": 8800000000.0,
            "interest_income": 9693000000.0,
            "interest_expense": 893000000.0,
            "non_interest_income": 11470000000.0,
            "other_non_operating_income": null,
            "depreciation": null,
            "depreciation_and_amortization": 53000000.0,
            "income_before_tax": 7485000000.0,
            "income_tax_expense": 1445000000.0,
            "interest_and_debt_expense": 893000000.0,
            "net_income_from_continuing_operations": 6744000000.0,
            "comprehensive_income_net_of_tax": 6726000000.0,
            "ebit": 8378000000.0,
            "ebitda": 8431000000.0,
            "net_income": 6040000000.0
        },
        {
            "fiscal_date_ending": "2021-09-30",
            "reported_currency": "USD",
            "gross_profit": 9281000000.0,
            "total_revenue": 19759000000.0,
            "cost_of_revenue": 12189000000.0,
            "cost_of_goods_and_services_sold": 220000000.0,
            "operating_income": 6972000000.0,
            "selling_general_and_administrative": 891000000.0,
            "research_and_development": null,
            "operating_expenses": 2309000000.0,
            "investment_income_net": null,
            "net_interest_income": 8909000000.0,
            "interest_income": 9834000000.0,
            "interest_expense": 925000000.0,
            "non_interest_income": 9925000000.0,
            "other_non_operating_income": null,
            "depreciation": null,
            "depreciation_and_amortization": 81000000.0,
            "income_before_tax": 6643000000.0,
            "income_tax_expense": 1521000000.0,
            "interest_and_debt_expense": 925000000.0,
            "net_income_from_continuing_operations": 5405000000.0,
            "comprehensive_income_net_of_tax": 4509000000.0,
            "ebit": 7568000000.0,
            "ebitda": 7649000000.0,
            "net_income": 5122000000.0
        },
        {
            "fiscal_date_ending": "2021-12-31",
            "reported_currency": "USD",
            "gross_profit": 9195000000.0,
            "total_revenue": 21715000000.0,
            "cost_of_revenue": 13007000000.0,
            "cost_of_goods_and_services_sold": 195000000.0,
            "operating_income": 5531000000.0,
            "selling_general_and_administrative": 950000000.0,
            "research_and_development": null,
            "operating_expenses": 3590000000.0,
            "investment_income_net": null,
            "net_interest_income": 9262000000.0,
            "interest_income": 10121000000.0,
            "interest_expense": 859000000.0,
            "non_interest_income": 11594000000.0,
            "other_non_operating_income": null,
            "depreciation": null,
            "depreciation_and_amortization": 1180000000.0,
            "income_before_tax": 7461000000.0,
            "income_tax_expense": 1711000000.0,
            "interest_and_debt_expense": 859000000.0,
            "net_income_from_continuing_operations": 6399000000.0,
            "comprehensive_income_net_of_tax": 5225000000.0,
            "ebit": 8320000000.0,
            "ebitda": 9500000000.0,
            "net_income": 5750000000.0
        },
        {
            "fiscal_date_ending": "2022-03-31",
            "reported_currency": "USD",
            "gross_profit": 6126000000.0,
            "total_revenue": 18688000000.0,
            "cost_of_revenue": 13330000000.0,
            "cost_of_goods_and_services_sold": 188000000.0,
            "operating_income": 3940000000.0,
            "selling_general_and_administrative": 821000000.0,
            "research_and_development": null,
            "operating_expenses": 2186000000.0,
            "investment_income_net": null,
            "net_interest_income": 9221000000.0,
            "interest_income": 10181000000.0,
            "interest_expense": 960000000.0,
            "non_interest_income": 8507000000.0,
            "other_non_operating_income": null,
            "depreciation": null,
            "depreciation_and_amortization": 74000000.0,
            "income_before_tax": 4534000000.0,
            "income_tax_expense": 746000000.0,
            "interest_and_debt_expense": 960000000.0,
            "net_income_from_continuing_operations": 3802000000.0,
            "comprehensive_income_net_of_tax": -1265000000.0,
            "ebit": 5494000000.0,
            "ebitda": 5568000000.0,
            "net_income": 3788000000.0
        },
        {
            "fiscal_date_ending": "2022-06-30",
            "reported_currency": "USD",
            "gross_profit": 3816000000.0,
            "total_revenue": 18398000000.0,
            "cost_of_revenue": 13712000000.0,
            "cost_of_goods_and_services_sold": 185000000.0,
            "operating_income": 1699000000.0,
            "selling_general_and_administrative": 807000000.0,
            "research_and_development": null,
            "operating_expenses": 2117000000.0,
            "investment_income_net": null,
            "net_interest_income": 10198000000.0,
            "interest_income": 11556000000.0,
            "interest_expense": 1358000000.0,
            "non_interest_income": 6842000000.0,
            "other_non_operating_income": null,
            "depreciation": null,
            "depreciation_and_amortization": 79000000.0,
            "income_before_tax": 3764000000.0,
            "income_tax_expense": 622000000.0,
            "interest_and_debt_expense": 1358000000.0,
            "net_income_from_continuing_operations": 2952000000.0,
            "comprehensive_income_net_of_tax": -627000000.0,
            "ebit": 5122000000.0,
            "ebitda": 5201000000.0,
            "net_income": 3142000000.0
        },
        {
            "fiscal_date_ending": "2022-09-30",
            "reported_currency": "USD",
            "gross_profit": 4413000000.0,
            "total_revenue": 21962000000.0,
            "cost_of_revenue": 15359000000.0,
            "cost_of_goods_and_services_sold": 186000000.0,
            "operating_income": 2320000000.0,
            "selling_general_and_administrative": 858000000.0,
            "research_and_development": null,
            "operating_expenses": 2093000000.0,
            "investment_income_net": null,
            "net_interest_income": 12098000000.0,
            "interest_income": 14494000000.0,
            "interest_expense": 2396000000.0,
            "non_interest_income": 7468000000.0,
            "other_non_operating_income": null,
            "depreciation": null,
            "depreciation_and_amortization": 76000000.0,
            "income_before_tax": 4504000000.0,
            "income_tax_expense": 912000000.0,
            "interest_and_debt_expense": 2396000000.0,
            "net_income_from_continuing_operations": 3500000000.0,
            "comprehensive_income_net_of_tax": -143000000.0,
            "ebit": 6900000000.0,
            "ebitda": 6976000000.0,
            "net_income": 3592000000.0
        },
        {
            "fiscal_date_ending": "2022-12-31",
            "reported_currency": "USD",
            "gross_profit": 1588000000.0,
            "total_revenue": 23811000000.0,
            "cost_of_revenue": 17412000000.0,
            "cost_of_goods_and_services_sold": 191000000.0,
            "operating_income": -1640000000.0,
            "selling_general_and_administrative": 900000000.0,
            "research_and_development": null,
            "operating_expenses": 3228000000.0,
            "investment_income_net": null,
            "net_interest_income": 13433000000.0,
            "interest_income": 17793000000.0,
            "interest_expense": 4360000000.0,
            "non_interest_income": 6018000000.0,
            "other_non_operating_income": null,
            "depreciation": null,
            "depreciation_and_amortization": 971000000.0,
            "income_before_tax": 2467000000.0,
            "income_tax_expense": -193000000.0,
            "interest_and_debt_expense": 4360000000.0,
            "net_income_from_continuing_operations": 2628000000.0,
            "comprehensive_income_net_of_tax": 3538000000.0,
            "ebit": 6827000000.0,
            "ebitda": 7798000000.0,
            "net_income": 2660000000.0
        },
        {
            "fiscal_date_ending": "2023-03-31",
            "reported_currency": "USD",
            "gross_profit": 5228000000.0,
            "total_revenue": 26749000000.0,
            "cost_of_revenue": 15121000000.0,
            "cost_of_goods_and_services_sold": 177000000.0,
            "operating_income": 3058000000.0,
            "selling_general_and_administrative": 867000000.0,
            "research_and_development": null,
            "operating_expenses": 2170000000.0,
            "investment_income_net": null,
            "net_interest_income": 13336000000.0,
            "interest_income": 19356000000.0,
            "interest_expense": 6020000000.0,
            "non_interest_income": 7393000000.0,
            "other_non_operating_income": null,
            "depreciation": null,
            "depreciation_and_amortization": 74000000.0,
            "income_before_tax": 5957000000.0,
            "income_tax_expense": 966000000.0,
            "interest_and_debt_expense": 6020000000.0,
            "net_income_from_continuing_operations": 4880000000.0,
            "comprehensive_income_net_of_tax": 5781000000.0,
            "ebit": 11977000000.0,
            "ebitda": 12051000000.0,
            "net_income": 4991000000.0
        },
        {
            "fiscal_date_ending": "2023-06-30",
            "reported_currency": "USD",
            "gross_profit": 4683000000.0,
            "total_revenue": 28200000000.0,
            "cost_of_revenue": 14942000000.0,
            "cost_of_goods_and_services_sold": 180000000.0,
            "operating_income": 2488000000.0,
            "selling_general_and_administrative": 891000000.0,
            "research_and_development": null,
            "operating_expenses": 2195000000.0,
            "investment_income_net": null,
            "net_interest_income": 13163000000.0,
            "interest_income": 20830000000.0,
            "interest_expense": 7667000000.0,
            "non_interest_income": 7370000000.0,
            "other_non_operating_income": null,
            "depreciation": null,
            "depreciation_and_amortization": 75000000.0,
            "income_before_tax": 5868000000.0,
            "income_tax_expense": 930000000.0,
            "interest_and_debt_expense": 7667000000.0,
            "net_income_from_continuing_operations": 4903000000.0,
            "comprehensive_income_net_of_tax": 4069000000.0,
            "ebit": 13535000000.0,
            "ebitda": 13610000000.0,
            "net_income": 4938000000.0
        },
        {
            "fiscal_date_ending": "2023-09-30",
            "reported_currency": "USD",
            "gross_profit": 5949000000.0,
            "total_revenue": 29845000000.0,
            "cost_of_revenue": 14482000000.0,
            "cost_of_goods_and_services_sold": 172000000.0,
            "operating_income": 3700000000.0,
            "selling_general_and_administrative": 939000000.0,
            "research_and_development": null,
            "operating_expenses": 2249000000.0,
            "investment_income_net": null,
            "net_interest_income": 13105000000.0,
            "interest_income": 22093000000.0,
            "interest_expense": 8988000000.0,
            "non_interest_income": 7752000000.0,
            "other_non_operating_income": null,
            "depreciation": null,
            "depreciation_and_amortization": 72000000.0,
            "income_before_tax": 6578000000.0,
            "income_tax_expense": 811000000.0,
            "interest_and_debt_expense": 8988000000.0,
            "net_income_from_continuing_operations": 5736000000.0,
            "comprehensive_income_net_of_tax": 3331000000.0,
            "ebit": 15566000000.0,
            "ebitda": 15638000000.0,
            "net_income": 5767000000.0
        },
        {
            "fiscal_date_ending": "2023-12-31",
            "reported_currency": "USD",
            "gross_profit": 2692000000.0,
            "total_revenue": 30546000000.0,
            "cost_of_revenue": 17236000000.0,
            "cost_of_goods_and_services_sold": 168000000.0,
            "operating_income": -628000000.0,
            "selling_general_and_administrative": 999000000.0,
            "research_and_development": null,
            "operating_expenses": 3320000000.0,
            "investment_income_net": null,
            "net_interest_income": 12771000000.0,
            "interest_income": 22839000000.0,
            "interest_expense": 10068000000.0,
            "non_interest_income": 7707000000.0,
            "other_non_operating_income": null,
            "depreciation": null,
            "depreciation_and_amortization": 1079000000.0,
            "income_before_tax": 3346000000.0,
            "income_tax_expense": -100000000.0,
            "interest_and_debt_expense": 10068000000.0,
            "net_income_from_continuing_operations": 3510000000.0,
            "comprehensive_income_net_of_tax": 7743000000.0,
            "ebit": 13414000000.0,
            "ebitda": 14493000000.0,
            "net_income": 3446000000.0
        },
        {
            "fiscal_date_ending": "2024-03-31",
            "reported_currency": "USD",
            "gross_profit": 5207000000.0,
            "total_revenue": 31476000000.0,
            "cost_of_revenue": 15440000000.0,
            "cost_of_goods_and_services_sold": 164000000.0,
            "operating_income": 3195000000.0,
            "selling_general_and_administrative": 911000000.0,
            "research_and_development": null,
            "operating_expenses": 2012000000.0,
            "investment_income_net": null,
            "net_interest_income": 12227000000.0,
            "interest_income": 22840000000.0,
            "interest_expense": 10613000000.0,
            "non_interest_income": 8636000000.0,
            "other_non_operating_income": null,
            "depreciation": null,
            "depreciation_and_amortization": 1819000000.0,
            "income_before_tax": 5583000000.0,
            "income_tax_expense": 964000000.0,
            "interest_and_debt_expense": 10613000000.0,
            "net_income_from_continuing_operations": 4623000000.0,
            "comprehensive_income_net_of_tax": 3653000000.0,
            "ebit": 16196000000.0,
            "ebitda": 18266000000.0,
            "net_income": 4619000000.0
        },
        {
            "fiscal_date_ending": "2024-06-30",
            "reported_currency": "USD",
            "gross_profit": 5469000000.0,
            "total_revenue": 31650000000.0,
            "cost_of_revenue": 14688000000.0,
            "cost_of_goods_and_services_sold": 159000000.0,
            "operating_income": 3343000000.0,
            "selling_general_and_administrative": 987000000.0,
            "research_and_development": null,
            "operating_expenses": 2126000000.0,
            "investment_income_net": null,
            "net_interest_income": 11923000000.0,
            "interest_income": 22884000000.0,
            "interest_expense": 10961000000.0,
            "non_interest_income": 8766000000.0,
            "other_non_operating_income": null,
            "depreciation": null,
            "depreciation_and_amortization": 1972000000.0,
            "income_before_tax": 6161000000.0,
            "income_tax_expense": 1251000000.0,
            "interest_and_debt_expense": 10961000000.0,
            "net_income_from_continuing_operations": 4909000000.0,
            "comprehensive_income_net_of_tax": 4735000000.0,
            "ebit": 17122000000.0,
            "ebitda": 18103000000.0,
            "net_income": 4910000000.0
        },
        {
            "fiscal_date_ending": "2024-09-30",
            "reported_currency": "USD",
            "gross_profit": 5718000000.0,
            "total_revenue": 20002000000.0,
            "cost_of_revenue": 14284000000.0,
            "cost_of_goods_and_services_sold": 152000000.0,
            "operating_income": 3597000000.0,
            "selling_general_and_administrative": 991000000.0,
            "research_and_development": null,
            "operating_expenses": 2121000000.0,
            "investment_income_net": null,
            "net_interest_income": 11690000000.0,
            "interest_income": 22998000000.0,
            "interest_expense": 11308000000.0,
            "non_interest_income": 8676000000.0,
            "other_non_operating_income": null,
            "depreciation": null,
            "depreciation_and_amortization": 1783000000.0,
            "income_before_tax": 6178000000.0,
            "income_tax_expense": 1064000000.0,
            "interest_and_debt_expense": null,
            "net_income_from_continuing_operations": 5170000000.0,
            "comprehensive_income_net_of_tax": 9463000000.0,
            "ebit": 3597000000.0,
            "ebitda": 7295000000.0,
            "net_income": 5114000000.0
        },
        {
            "fiscal_date_ending": "2024-12-31",
            "reported_currency": "USD",
            "gross_profit": 4826000000.0,
            "total_revenue": 19979000000.0,
            "cost_of_revenue": 15153000000.0,
            "cost_of_goods_and_services_sold": 158000000.0,
            "operating_income": 491000000.0,
            "selling_general_and_administrative": 1032000000.0,
            "research_and_development": null,
            "operating_expenses": 4335000000.0,
            "investment_income_net": null,
            "net_interest_income": 11836000000.0,
            "interest_income": 22055000000.0,
            "interest_expense": 10219000000.0,
            "non_interest_income": 8542000000.0,
            "other_non_operating_income": null,
            "depreciation": null,
            "depreciation_and_amortization": -962000000.0,
            "income_before_tax": 5199000000.0,
            "income_tax_expense": 120000000.0,
            "interest_and_debt_expense": null,
            "net_income_from_continuing_operations": 5263000000.0,
            "comprehensive_income_net_of_tax": 1275000000.0,
            "ebit": 491000000.0,
            "ebitda": 5541000000.0,
            "net_income": 5079000000.0
        }
    ],
    "total_quarters": 67,
    "date_range": {
        "start": "2008-06-30",
        "end": "2024-12-31"
    }
}