{
    "symbol": "GM",
    "quarterly_reports": [
        {
            "fiscal_date_ending": "2010-03-31",
            "reported_currency": "USD",
            "gross_profit": 3923000000.0,
            "total_revenue": 31476000000.0,
            "cost_of_revenue": 27553000000.0,
            "cost_of_goods_and_services_sold": 25373000000.0,
            "operating_income": -1994000000.0,
            "selling_general_and_administrative": 2684000000.0,
            "research_and_development": null,
            "operating_expenses": 3405000000.0,
            "investment_income_net": null,
            "net_interest_income": null,
            "interest_income": null,
            "interest_expense": 1188000000.0,
            "non_interest_income": null,
            "other_non_operating_income": null,
            "depreciation": null,
            "depreciation_and_amortization": 473000000.0,
            "income_before_tax": 126603000000.0,
            "income_tax_expense": -746000000.0,
            "interest_and_debt_expense": null,
            "net_income_from_continuing_operations": null,
            "comprehensive_income_net_of_tax": null,
            "ebit": -1994000000.0,
            "ebitda": -1521000000.0,
            "net_income": 1068000000.0
        },
        {
            "fiscal_date_ending": "2010-06-30",
            "reported_currency": "USD",
            "gross_profit": 4565000000.0,
            "total_revenue": 33174000000.0,
            "cost_of_revenue": 28609000000.0,
            "cost_of_goods_and_services_sold": 28609000000.0,
            "operating_income": 1903000000.0,
            "selling_general_and_administrative": 2662000000.0,
            "research_and_development": null,
            "operating_expenses": 2662000000.0,
            "investment_income_net": null,
            "net_interest_income": null,
            "interest_income": null,
            "interest_expense": 250000000.0,
            "non_interest_income": null,
            "other_non_operating_income": null,
            "depreciation": null,
            "depreciation_and_amortization": null,
            "income_before_tax": 1897000000.0,
            "income_tax_expense": 361000000.0,
            "interest_and_debt_expense": null,
            "net_income_from_continuing_operations": null,
            "comprehensive_income_net_of_tax": null,
            "ebit": 2147000000.0,
            "ebitda": 1903000000.0,
            "net_income": 1536000000.0
        },
        {
            "fiscal_date_ending": "2010-09-30",
            "reported_currency": "USD",
            "gross_profit": 4473000000.0,
            "total_revenue": 34060000000.0,
            "cost_of_revenue": 29587000000.0,
            "cost_of_goods_and_services_sold": 29587000000.0,
            "operating_income": 1733000000.0,
            "selling_general_and_administrative": 2740000000.0,
            "research_and_development": null,
            "operating_expenses": 2740000000.0,
            "investment_income_net": null,
            "net_interest_income": null,
            "interest_income": null,
            "interest_expense": 263000000.0,
            "non_interest_income": null,
            "other_non_operating_income": null,
            "depreciation": null,
            "depreciation_and_amortization": 377000000.0,
            "income_before_tax": 2137000000.0,
            "income_tax_expense": -25000000.0,
            "interest_and_debt_expense": null,
            "net_income_from_continuing_operations": null,
            "comprehensive_income_net_of_tax": null,
            "ebit": 2400000000.0,
            "ebitda": 2110000000.0,
            "net_income": 2162000000.0
        },
        {
            "fiscal_date_ending": "2010-12-31",
            "reported_currency": "USD",
            "gross_profit": 3582000000.0,
            "total_revenue": 36882000000.0,
            "cost_of_revenue": 33300000000.0,
            "cost_of_goods_and_services_sold": 33018000000.0,
            "operating_income": 280000000.0,
            "selling_general_and_administrative": 3699000000.0,
            "research_and_development": 6962000000.0,
            "operating_expenses": 3584000000.0,
            "investment_income_net": null,
            "net_interest_income": null,
            "interest_income": null,
            "interest_expense": 285000000.0,
            "non_interest_income": null,
            "other_non_operating_income": null,
            "depreciation": null,
            "depreciation_and_amortization": 950000000.0,
            "income_before_tax": 1233000000.0,
            "income_tax_expense": -173000000.0,
            "interest_and_debt_expense": null,
            "net_income_from_continuing_operations": null,
            "comprehensive_income_net_of_tax": null,
            "ebit": 1518000000.0,
            "ebitda": 1274000000.0,
            "net_income": 1406000000.0
        },
        {
            "fiscal_date_ending": "2011-03-31",
            "reported_currency": "USD",
            "gross_profit": 4214000000.0,
            "total_revenue": 36194000000.0,
            "cost_of_revenue": 31980000000.0,
            "cost_of_goods_and_services_sold": 31685000000.0,
            "operating_income": 949000000.0,
            "selling_general_and_administrative": 3000000000.0,
            "research_and_development": null,
            "operating_expenses": 3000000000.0,
            "investment_income_net": null,
            "net_interest_income": null,
            "interest_income": null,
            "interest_expense": 149000000.0,
            "non_interest_income": null,
            "other_non_operating_income": null,
            "depreciation": null,
            "depreciation_and_amortization": 999000000.0,
            "income_before_tax": 3503000000.0,
            "income_tax_expense": 137000000.0,
            "interest_and_debt_expense": null,
            "net_income_from_continuing_operations": null,
            "comprehensive_income_net_of_tax": 3616000000.0,
            "ebit": 3652000000.0,
            "ebitda": 1948000000.0,
            "net_income": 3366000000.0
        },
        {
            "fiscal_date_ending": "2011-06-30",
            "reported_currency": "USD",
            "gross_profit": 5250000000.0,
            "total_revenue": 39373000000.0,
            "cost_of_revenue": 34123000000.0,
            "cost_of_goods_and_services_sold": 33793000000.0,
            "operating_income": 2451000000.0,
            "selling_general_and_administrative": 2924000000.0,
            "research_and_development": null,
            "operating_expenses": 3089000000.0,
            "investment_income_net": 124000000.0,
            "net_interest_income": -155000000.0,
            "interest_income": null,
            "interest_expense": 155000000.0,
            "non_interest_income": -10000000.0,
            "other_non_operating_income": 298000000.0,
            "depreciation": null,
            "depreciation_and_amortization": 463000000.0,
            "income_before_tax": 2931000000.0,
            "income_tax_expense": -61000000.0,
            "interest_and_debt_expense": 165000000.0,
            "net_income_from_continuing_operations": 2655000000.0,
            "comprehensive_income_net_of_tax": 3069000000.0,
            "ebit": 3086000000.0,
            "ebitda": 3549000000.0,
            "net_income": 2992000000.0
        },
        {
            "fiscal_date_ending": "2011-09-30",
            "reported_currency": "USD",
            "gross_profit": 4594000000.0,
            "total_revenue": 36719000000.0,
            "cost_of_revenue": 32125000000.0,
            "cost_of_goods_and_services_sold": 31734000000.0,
            "operating_income": 1806000000.0,
            "selling_general_and_administrative": 50000000.0,
            "research_and_development": null,
            "operating_expenses": 136000000.0,
            "investment_income_net": 112000000.0,
            "net_interest_income": -101000000.0,
            "interest_income": null,
            "interest_expense": 101000000.0,
            "non_interest_income": -35000000.0,
            "other_non_operating_income": 117000000.0,
            "depreciation": null,
            "depreciation_and_amortization": 430000000.0,
            "income_before_tax": 2214000000.0,
            "income_tax_expense": 107000000.0,
            "interest_and_debt_expense": 136000000.0,
            "net_income_from_continuing_operations": 1715000000.0,
            "comprehensive_income_net_of_tax": 1948000000.0,
            "ebit": 2315000000.0,
            "ebitda": 2745000000.0,
            "net_income": 2107000000.0
        },
        {
            "fiscal_date_ending": "2011-12-31",
            "reported_currency": "USD",
            "gross_profit": 4422000000.0,
            "total_revenue": 37990000000.0,
            "cost_of_revenue": 33568000000.0,
            "cost_of_goods_and_services_sold": 33174000000.0,
            "operating_income": 450000000.0,
            "selling_general_and_administrative": 12000000000.0,
            "research_and_development": 8124000000.0,
            "operating_expenses": 891000000.0,
            "investment_income_net": 92000000.0,
            "net_interest_income": -339000000.0,
            "interest_income": null,
            "interest_expense": 339000000.0,
            "non_interest_income": 8000000.0,
            "other_non_operating_income": null,
            "depreciation": null,
            "depreciation_and_amortization": 408000000.0,
            "income_before_tax": 432000000.0,
            "income_tax_expense": -293000000.0,
            "interest_and_debt_expense": -468000000.0,
            "net_income_from_continuing_operations": 3531000000.0,
            "comprehensive_income_net_of_tax": -6548000000.0,
            "ebit": 771000000.0,
            "ebitda": 1179000000.0,
            "net_income": 725000000.0
        },
        {
            "fiscal_date_ending": "2012-03-31",
            "reported_currency": "USD",
            "gross_profit": 4418000000.0,
            "total_revenue": 37759000000.0,
            "cost_of_revenue": 33341000000.0,
            "cost_of_goods_and_services_sold": 32910000000.0,
            "operating_income": 996000000.0,
            "selling_general_and_administrative": 72000000.0,
            "research_and_development": null,
            "operating_expenses": 1358000000.0,
            "investment_income_net": 89000000.0,
            "net_interest_income": -110000000.0,
            "interest_income": null,
            "interest_expense": 110000000.0,
            "non_interest_income": -18000000.0,
            "other_non_operating_income": 257000000.0,
            "depreciation": null,
            "depreciation_and_amortization": 398000000.0,
            "income_before_tax": 1531000000.0,
            "income_tax_expense": 216000000.0,
            "interest_and_debt_expense": 128000000.0,
            "net_income_from_continuing_operations": 927000000.0,
            "comprehensive_income_net_of_tax": 1408000000.0,
            "ebit": 1641000000.0,
            "ebitda": 2039000000.0,
            "net_income": 1315000000.0
        },
        {
            "fiscal_date_ending": "2012-06-30",
            "reported_currency": "USD",
            "gross_profit": 4449000000.0,
            "total_revenue": 37614000000.0,
            "cost_of_revenue": 33165000000.0,
            "cost_of_goods_and_services_sold": 32678000000.0,
            "operating_income": 1821000000.0,
            "selling_general_and_administrative": 55000000.0,
            "research_and_development": null,
            "operating_expenses": 565000000.0,
            "investment_income_net": 86000000.0,
            "net_interest_income": -118000000.0,
            "interest_income": null,
            "interest_expense": 118000000.0,
            "non_interest_income": 0.0,
            "other_non_operating_income": 139000000.0,
            "depreciation": null,
            "depreciation_and_amortization": 392000000.0,
            "income_before_tax": 2087000000.0,
            "income_tax_expense": 241000000.0,
            "interest_and_debt_expense": 118000000.0,
            "net_income_from_continuing_operations": 1601000000.0,
            "comprehensive_income_net_of_tax": 1619000000.0,
            "ebit": 2205000000.0,
            "ebitda": 2597000000.0,
            "net_income": 1846000000.0
        },
        {
            "fiscal_date_ending": "2012-09-30",
            "reported_currency": "USD",
            "gross_profit": 4327000000.0,
            "total_revenue": 37576000000.0,
            "cost_of_revenue": 33249000000.0,
            "cost_of_goods_and_services_sold": 32735000000.0,
            "operating_income": 1603000000.0,
            "selling_general_and_administrative": 8557000000.0,
            "research_and_development": null,
            "operating_expenses": 611000000.0,
            "investment_income_net": 84000000.0,
            "net_interest_income": -128000000.0,
            "interest_income": null,
            "interest_expense": 128000000.0,
            "non_interest_income": 0.0,
            "other_non_operating_income": 318000000.0,
            "depreciation": null,
            "depreciation_and_amortization": 389000000.0,
            "income_before_tax": 2190000000.0,
            "income_tax_expense": 357000000.0,
            "interest_and_debt_expense": 128000000.0,
            "net_income_from_continuing_operations": 1436000000.0,
            "comprehensive_income_net_of_tax": 1104000000.0,
            "ebit": 2318000000.0,
            "ebitda": 2707000000.0,
            "net_income": 1833000000.0
        },
        {
            "fiscal_date_ending": "2012-12-31",
            "reported_currency": "USD",
            "gross_profit": -3135000000.0,
            "total_revenue": 39307000000.0,
            "cost_of_revenue": 42442000000.0,
            "cost_of_goods_and_services_sold": 41913000000.0,
            "operating_income": -34783000000.0,
            "selling_general_and_administrative": 5347000000.0,
            "research_and_development": 7400000000.0,
            "operating_expenses": 44048000000.0,
            "investment_income_net": 84000000.0,
            "net_interest_income": -416000000.0,
            "interest_income": null,
            "interest_expense": 416000000.0,
            "non_interest_income": -232000000.0,
            "other_non_operating_income": null,
            "depreciation": null,
            "depreciation_and_amortization": 389000000.0,
            "income_before_tax": -34451000000.0,
            "income_tax_expense": -35645000000.0,
            "interest_and_debt_expense": 648000000.0,
            "net_income_from_continuing_operations": -3135000000.0,
            "comprehensive_income_net_of_tax": -134000000.0,
            "ebit": -34035000000.0,
            "ebitda": -33646000000.0,
            "net_income": 1194000000.0
        },
        {
            "fiscal_date_ending": "2013-03-31",
            "reported_currency": "USD",
            "gross_profit": 3896000000.0,
            "total_revenue": 36884000000.0,
            "cost_of_revenue": 32988000000.0,
            "cost_of_goods_and_services_sold": 32617000000.0,
            "operating_income": 959000000.0,
            "selling_general_and_administrative": 2952000000.0,
            "research_and_development": null,
            "operating_expenses": 462000000.0,
            "investment_income_net": 79000000.0,
            "net_interest_income": -91000000.0,
            "interest_income": null,
            "interest_expense": 91000000.0,
            "non_interest_income": 0.0,
            "other_non_operating_income": 726000000.0,
            "depreciation": null,
            "depreciation_and_amortization": 384000000.0,
            "income_before_tax": 1584000000.0,
            "income_tax_expense": 409000000.0,
            "interest_and_debt_expense": 91000000.0,
            "net_income_from_continuing_operations": 1185000000.0,
            "comprehensive_income_net_of_tax": 1616000000.0,
            "ebit": 1675000000.0,
            "ebitda": 2059000000.0,
            "net_income": 1175000000.0
        },
        {
            "fiscal_date_ending": "2013-06-30",
            "reported_currency": "USD",
            "gross_profit": 4850000000.0,
            "total_revenue": 39075000000.0,
            "cost_of_revenue": 34225000000.0,
            "cost_of_goods_and_services_sold": 33824000000.0,
            "operating_income": 1751000000.0,
            "selling_general_and_administrative": 2925000000.0,
            "research_and_development": null,
            "operating_expenses": 702000000.0,
            "investment_income_net": 77000000.0,
            "net_interest_income": -61000000.0,
            "interest_income": null,
            "interest_expense": 61000000.0,
            "non_interest_income": -240000000.0,
            "other_non_operating_income": 440000000.0,
            "depreciation": null,
            "depreciation_and_amortization": 394000000.0,
            "income_before_tax": 2156000000.0,
            "income_tax_expense": 742000000.0,
            "interest_and_debt_expense": 301000000.0,
            "net_income_from_continuing_operations": 1388000000.0,
            "comprehensive_income_net_of_tax": 985000000.0,
            "ebit": 2217000000.0,
            "ebitda": 2611000000.0,
            "net_income": 1414000000.0
        },
        {
            "fiscal_date_ending": "2013-09-30",
            "reported_currency": "USD",
            "gross_profit": 2170000000.0,
            "total_revenue": 38983000000.0,
            "cost_of_revenue": 36813000000.0,
            "cost_of_goods_and_services_sold": 33166000000.0,
            "operating_income": 2256000000.0,
            "selling_general_and_administrative": 2876000000.0,
            "research_and_development": null,
            "operating_expenses": 3010000000.0,
            "investment_income_net": 33000000.0,
            "net_interest_income": -65000000.0,
            "interest_income": null,
            "interest_expense": 65000000.0,
            "non_interest_income": 2000000.0,
            "other_non_operating_income": 356000000.0,
            "depreciation": null,
            "depreciation_and_amortization": 60000000.0,
            "income_before_tax": 2559000000.0,
            "income_tax_expense": 842000000.0,
            "interest_and_debt_expense": 63000000.0,
            "net_income_from_continuing_operations": 1705000000.0,
            "comprehensive_income_net_of_tax": 1776000000.0,
            "ebit": 2624000000.0,
            "ebitda": 2316000000.0,
            "net_income": 1717000000.0
        },
        {
            "fiscal_date_ending": "2013-12-31",
            "reported_currency": "USD",
            "gross_profit": 40485000000.0,
            "total_revenue": 40485000000.0,
            "cost_of_revenue": 42838000000.0,
            "cost_of_goods_and_services_sold": 35318000000.0,
            "operating_income": 165000000.0,
            "selling_general_and_administrative": 3629000000.0,
            "research_and_development": 7200000000.0,
            "operating_expenses": 13909000000.0,
            "investment_income_net": null,
            "net_interest_income": -832000000.0,
            "interest_income": null,
            "interest_expense": 832000000.0,
            "non_interest_income": 26000000.0,
            "other_non_operating_income": -671000000.0,
            "depreciation": null,
            "depreciation_and_amortization": 2393000000.0,
            "income_before_tax": 1174000000.0,
            "income_tax_expense": 134000000.0,
            "interest_and_debt_expense": 806000000.0,
            "net_income_from_continuing_operations": 40485000000.0,
            "comprehensive_income_net_of_tax": 5908000000.0,
            "ebit": 2006000000.0,
            "ebitda": 2558000000.0,
            "net_income": 1040000000.0
        },
        {
            "fiscal_date_ending": "2014-03-31",
            "reported_currency": "USD",
            "gross_profit": -2133000000.0,
            "total_revenue": 37408000000.0,
            "cost_of_revenue": 39541000000.0,
            "cost_of_goods_and_services_sold": 34127000000.0,
            "operating_income": -535000000.0,
            "selling_general_and_administrative": 2941000000.0,
            "research_and_development": null,
            "operating_expenses": 4642000000.0,
            "investment_income_net": 53000000.0,
            "net_interest_income": -103000000.0,
            "interest_income": null,
            "interest_expense": 103000000.0,
            "non_interest_income": 0.0,
            "other_non_operating_income": null,
            "depreciation": null,
            "depreciation_and_amortization": 694000000.0,
            "income_before_tax": -11000000.0,
            "income_tax_expense": -224000000.0,
            "interest_and_debt_expense": 103000000.0,
            "net_income_from_continuing_operations": 280000000.0,
            "comprehensive_income_net_of_tax": 188000000.0,
            "ebit": 92000000.0,
            "ebitda": 159000000.0,
            "net_income": 213000000.0
        },
        {
            "fiscal_date_ending": "2014-06-30",
            "reported_currency": "USD",
            "gross_profit": -711000000.0,
            "total_revenue": 39649000000.0,
            "cost_of_revenue": 40360000000.0,
            "cost_of_goods_and_services_sold": 35851000000.0,
            "operating_income": -471000000.0,
            "selling_general_and_administrative": 3343000000.0,
            "research_and_development": null,
            "operating_expenses": 3683000000.0,
            "investment_income_net": 52000000.0,
            "net_interest_income": -100000000.0,
            "interest_income": null,
            "interest_expense": 100000000.0,
            "non_interest_income": 0.0,
            "other_non_operating_income": 604000000.0,
            "depreciation": null,
            "depreciation_and_amortization": 604000000.0,
            "income_before_tax": 24000000.0,
            "income_tax_expense": -254000000.0,
            "interest_and_debt_expense": 100000000.0,
            "net_income_from_continuing_operations": 287000000.0,
            "comprehensive_income_net_of_tax": 283000000.0,
            "ebit": 124000000.0,
            "ebitda": 133000000.0,
            "net_income": 278000000.0
        },
        {
            "fiscal_date_ending": "2014-09-30",
            "reported_currency": "USD",
            "gross_profit": 970000000.0,
            "total_revenue": 39255000000.0,
            "cost_of_revenue": 38285000000.0,
            "cost_of_goods_and_services_sold": 34054000000.0,
            "operating_income": 1227000000.0,
            "selling_general_and_administrative": 2921000000.0,
            "research_and_development": null,
            "operating_expenses": 3178000000.0,
            "investment_income_net": 50000000.0,
            "net_interest_income": -96000000.0,
            "interest_income": null,
            "interest_expense": 96000000.0,
            "non_interest_income": 2000000.0,
            "other_non_operating_income": 738000000.0,
            "depreciation": null,
            "depreciation_and_amortization": 736000000.0,
            "income_before_tax": 1898000000.0,
            "income_tax_expense": 427000000.0,
            "interest_and_debt_expense": 94000000.0,
            "net_income_from_continuing_operations": 1442000000.0,
            "comprehensive_income_net_of_tax": 1674000000.0,
            "ebit": 1994000000.0,
            "ebitda": 1963000000.0,
            "net_income": 1471000000.0
        },
        {
            "fiscal_date_ending": "2014-12-31",
            "reported_currency": "USD",
            "gross_profit": 39617000000.0,
            "total_revenue": 39617000000.0,
            "cost_of_revenue": 37313000000.0,
            "cost_of_goods_and_services_sold": 34050000000.0,
            "operating_income": 1309000000.0,
            "selling_general_and_administrative": 2953000000.0,
            "research_and_development": 7400000000.0,
            "operating_expenses": 2078000000.0,
            "investment_income_net": null,
            "net_interest_income": -1530000000.0,
            "interest_income": null,
            "interest_expense": 1530000000.0,
            "non_interest_income": 200000000.0,
            "other_non_operating_income": null,
            "depreciation": null,
            "depreciation_and_amortization": 463000000.0,
            "income_before_tax": 2266000000.0,
            "income_tax_expense": 279000000.0,
            "interest_and_debt_expense": 1330000000.0,
            "net_income_from_continuing_operations": 39617000000.0,
            "comprehensive_income_net_of_tax": -3156000000.0,
            "ebit": 3796000000.0,
            "ebitda": 1772000000.0,
            "net_income": 1987000000.0
        },
        {
            "fiscal_date_ending": "2015-03-31",
            "reported_currency": "USD",
            "gross_profit": 569000000.0,
            "total_revenue": 35712000000.0,
            "cost_of_revenue": 35143000000.0,
            "cost_of_goods_and_services_sold": 30674000000.0,
            "operating_income": 753000000.0,
            "selling_general_and_administrative": 3117000000.0,
            "research_and_development": null,
            "operating_expenses": 3301000000.0,
            "investment_income_net": null,
            "net_interest_income": null,
            "interest_income": null,
            "interest_expense": 110000000.0,
            "non_interest_income": null,
            "other_non_operating_income": 794000000.0,
            "depreciation": null,
            "depreciation_and_amortization": 794000000.0,
            "income_before_tax": 1474000000.0,
            "income_tax_expense": 529000000.0,
            "interest_and_debt_expense": null,
            "net_income_from_continuing_operations": 908000000.0,
            "comprehensive_income_net_of_tax": 1687000000.0,
            "ebit": 753000000.0,
            "ebitda": 1547000000.0,
            "net_income": 945000000.0
        },
        {
            "fiscal_date_ending": "2015-06-30",
            "reported_currency": "USD",
            "gross_profit": 1125000000.0,
            "total_revenue": 38180000000.0,
            "cost_of_revenue": 37055000000.0,
            "cost_of_goods_and_services_sold": 32597000000.0,
            "operating_income": 1288000000.0,
            "selling_general_and_administrative": 2977000000.0,
            "research_and_development": null,
            "operating_expenses": 3140000000.0,
            "investment_income_net": null,
            "net_interest_income": null,
            "interest_income": null,
            "interest_expense": 108000000.0,
            "non_interest_income": null,
            "other_non_operating_income": 537000000.0,
            "depreciation": null,
            "depreciation_and_amortization": 537000000.0,
            "income_before_tax": 1694000000.0,
            "income_tax_expense": 577000000.0,
            "interest_and_debt_expense": null,
            "net_income_from_continuing_operations": 1140000000.0,
            "comprehensive_income_net_of_tax": 905000000.0,
            "ebit": 1288000000.0,
            "ebitda": 1825000000.0,
            "net_income": 1117000000.0
        },
        {
            "fiscal_date_ending": "2015-09-30",
            "reported_currency": "USD",
            "gross_profit": 870000000.0,
            "total_revenue": 38843000000.0,
            "cost_of_revenue": 37973000000.0,
            "cost_of_goods_and_services_sold": 32058000000.0,
            "operating_income": 997000000.0,
            "selling_general_and_administrative": 4282000000.0,
            "research_and_development": null,
            "operating_expenses": 4409000000.0,
            "investment_income_net": null,
            "net_interest_income": null,
            "interest_income": null,
            "interest_expense": 112000000.0,
            "non_interest_income": 0.0,
            "other_non_operating_income": 621000000.0,
            "depreciation": null,
            "depreciation_and_amortization": 621000000.0,
            "income_before_tax": 1524000000.0,
            "income_tax_expense": 165000000.0,
            "interest_and_debt_expense": 0.0,
            "net_income_from_continuing_operations": 1341000000.0,
            "comprehensive_income_net_of_tax": 868000000.0,
            "ebit": 997000000.0,
            "ebitda": 1618000000.0,
            "net_income": 1359000000.0
        },
        {
            "fiscal_date_ending": "2015-12-31",
            "reported_currency": "USD",
            "gross_profit": 39621000000.0,
            "total_revenue": 39621000000.0,
            "cost_of_revenue": 38658000000.0,
            "cost_of_goods_and_services_sold": 17666000000.0,
            "operating_income": 2500000000.0,
            "selling_general_and_administrative": 1512000000.0,
            "research_and_development": 7500000000.0,
            "operating_expenses": 3925000000.0,
            "investment_income_net": null,
            "net_interest_income": null,
            "interest_income": null,
            "interest_expense": 113000000.0,
            "non_interest_income": 449000000.0,
            "other_non_operating_income": 1312000000.0,
            "depreciation": null,
            "depreciation_and_amortization": 559000000.0,
            "income_before_tax": 3747000000.0,
            "income_tax_expense": -2519000000.0,
            "interest_and_debt_expense": 1610000000.0,
            "net_income_from_continuing_operations": 6273000000.0,
            "comprehensive_income_net_of_tax": 6264000000.0,
            "ebit": 2500000000.0,
            "ebitda": 2418000000.0,
            "net_income": 6266000000.0
        },
        {
            "fiscal_date_ending": "2016-03-31",
            "reported_currency": "USD",
            "gross_profit": 1597000000.0,
            "total_revenue": 33016000000.0,
            "cost_of_revenue": 35668000000.0,
            "cost_of_goods_and_services_sold": 30589000000.0,
            "operating_income": 1972000000.0,
            "selling_general_and_administrative": 2470000000.0,
            "research_and_development": null,
            "operating_expenses": 3193000000.0,
            "investment_income_net": null,
            "net_interest_income": null,
            "interest_income": null,
            "interest_expense": 127000000.0,
            "non_interest_income": null,
            "other_non_operating_income": 645000000.0,
            "depreciation": null,
            "depreciation_and_amortization": 2292000000.0,
            "income_before_tax": 2512000000.0,
            "income_tax_expense": 559000000.0,
            "interest_and_debt_expense": null,
            "net_income_from_continuing_operations": 1931000000.0,
            "comprehensive_income_net_of_tax": 1935000000.0,
            "ebit": 1972000000.0,
            "ebitda": 4909000000.0,
            "net_income": 1953000000.0
        },
        {
            "fiscal_date_ending": "2016-06-30",
            "reported_currency": "USD",
            "gross_profit": 2901000000.0,
            "total_revenue": 37383000000.0,
            "cost_of_revenue": 39471000000.0,
            "cost_of_goods_and_services_sold": 29941000000.0,
            "operating_income": 2972000000.0,
            "selling_general_and_administrative": 2160000000.0,
            "research_and_development": null,
            "operating_expenses": 2982000000.0,
            "investment_income_net": null,
            "net_interest_income": null,
            "interest_income": null,
            "interest_expense": 147000000.0,
            "non_interest_income": null,
            "other_non_operating_income": 832000000.0,
            "depreciation": null,
            "depreciation_and_amortization": 2579000000.0,
            "income_before_tax": 3743000000.0,
            "income_tax_expense": 877000000.0,
            "interest_and_debt_expense": null,
            "net_income_from_continuing_operations": 2850000000.0,
            "comprehensive_income_net_of_tax": 3015000000.0,
            "ebit": 2972000000.0,
            "ebitda": 3868000000.0,
            "net_income": 2866000000.0
        },
        {
            "fiscal_date_ending": "2016-09-30",
            "reported_currency": "USD",
            "gross_profit": 2947000000.0,
            "total_revenue": 38889000000.0,
            "cost_of_revenue": 39878000000.0,
            "cost_of_goods_and_services_sold": 31139000000.0,
            "operating_income": 3148000000.0,
            "selling_general_and_administrative": 2400000000.0,
            "research_and_development": null,
            "operating_expenses": 2794000000.0,
            "investment_income_net": null,
            "net_interest_income": null,
            "interest_income": null,
            "interest_expense": 148000000.0,
            "non_interest_income": null,
            "other_non_operating_income": 619000000.0,
            "depreciation": null,
            "depreciation_and_amortization": 2686000000.0,
            "income_before_tax": 3675000000.0,
            "income_tax_expense": 902000000.0,
            "interest_and_debt_expense": null,
            "net_income_from_continuing_operations": 2768000000.0,
            "comprehensive_income_net_of_tax": 2725000000.0,
            "ebit": 3148000000.0,
            "ebitda": 6322000000.0,
            "net_income": 2773000000.0
        },
        {
            "fiscal_date_ending": "2016-12-31",
            "reported_currency": "USD",
            "gross_profit": 43918000000.0,
            "total_revenue": 39896000000.0,
            "cost_of_revenue": 42602000000.0,
            "cost_of_goods_and_services_sold": 34023000000.0,
            "operating_income": 475000000.0,
            "selling_general_and_administrative": 2967000000.0,
            "research_and_development": 6600000000.0,
            "operating_expenses": 131529000000.0,
            "investment_income_net": null,
            "net_interest_income": null,
            "interest_income": null,
            "interest_expense": 150000000.0,
            "non_interest_income": null,
            "other_non_operating_income": 615000000.0,
            "depreciation": null,
            "depreciation_and_amortization": 2851000000.0,
            "income_before_tax": 2174000000.0,
            "income_tax_expense": 339000000.0,
            "interest_and_debt_expense": null,
            "net_income_from_continuing_operations": 1955000000.0,
            "comprehensive_income_net_of_tax": 458000000.0,
            "ebit": 475000000.0,
            "ebitda": 4986000000.0,
            "net_income": 1835000000.0
        },
        {
            "fiscal_date_ending": "2017-03-31",
            "reported_currency": "USD",
            "gross_profit": 2641000000.0,
            "total_revenue": 37266000000.0,
            "cost_of_revenue": 38559000000.0,
            "cost_of_goods_and_services_sold": 29761000000.0,
            "operating_income": 2583000000.0,
            "selling_general_and_administrative": 2356000000.0,
            "research_and_development": null,
            "operating_expenses": 2788000000.0,
            "investment_income_net": null,
            "net_interest_income": null,
            "interest_income": null,
            "interest_expense": 144000000.0,
            "non_interest_income": null,
            "other_non_operating_income": 716000000.0,
            "depreciation": null,
            "depreciation_and_amortization": 2883000000.0,
            "income_before_tax": 3395000000.0,
            "income_tax_expense": 787000000.0,
            "interest_and_debt_expense": null,
            "net_income_from_continuing_operations": 2677000000.0,
            "comprehensive_income_net_of_tax": 2688000000.0,
            "ebit": 2583000000.0,
            "ebitda": 6344000000.0,
            "net_income": 2608000000.0
        },
        {
            "fiscal_date_ending": "2017-06-30",
            "reported_currency": "USD",
            "gross_profit": 2135000000.0,
            "total_revenue": 36984000000.0,
            "cost_of_revenue": 34849000000.0,
            "cost_of_goods_and_services_sold": 29535000000.0,
            "operating_income": 2297000000.0,
            "selling_general_and_administrative": 2477000000.0,
            "research_and_development": null,
            "operating_expenses": 2962000000.0,
            "investment_income_net": null,
            "net_interest_income": null,
            "interest_income": null,
            "interest_expense": 181000000.0,
            "non_interest_income": null,
            "other_non_operating_income": 481000000.0,
            "depreciation": null,
            "depreciation_and_amortization": 3054000000.0,
            "income_before_tax": 2194000000.0,
            "income_tax_expense": 534000000.0,
            "interest_and_debt_expense": null,
            "net_income_from_continuing_operations": 2430000000.0,
            "comprehensive_income_net_of_tax": 1541000000.0,
            "ebit": 2297000000.0,
            "ebitda": 3148000000.0,
            "net_income": 1660000000.0
        },
        {
            "fiscal_date_ending": "2017-09-30",
            "reported_currency": "USD",
            "gross_profit": 1856000000.0,
            "total_revenue": 33623000000.0,
            "cost_of_revenue": 31767000000.0,
            "cost_of_goods_and_services_sold": 26511000000.0,
            "operating_income": 1576000000.0,
            "selling_general_and_administrative": 2308000000.0,
            "research_and_development": null,
            "operating_expenses": 32047000000.0,
            "investment_income_net": null,
            "net_interest_income": null,
            "interest_income": null,
            "interest_expense": 151000000.0,
            "non_interest_income": null,
            "other_non_operating_income": 665000000.0,
            "depreciation": null,
            "depreciation_and_amortization": 3147000000.0,
            "income_before_tax": -665000000.0,
            "income_tax_expense": 2316000000.0,
            "interest_and_debt_expense": null,
            "net_income_from_continuing_operations": 115000000.0,
            "comprehensive_income_net_of_tax": -1395000000.0,
            "ebit": 1576000000.0,
            "ebitda": 5728000000.0,
            "net_income": -2981000000.0
        },
        {
            "fiscal_date_ending": "2017-12-31",
            "reported_currency": "USD",
            "gross_profit": 37715000000.0,
            "total_revenue": 37715000000.0,
            "cost_of_revenue": 35435000000.0,
            "cost_of_goods_and_services_sold": 31068000000.0,
            "operating_income": 2205000000.0,
            "selling_general_and_administrative": 2429000000.0,
            "research_and_development": 7300000000.0,
            "operating_expenses": 35510000000.0,
            "investment_income_net": null,
            "net_interest_income": null,
            "interest_income": null,
            "interest_expense": 145000000.0,
            "non_interest_income": null,
            "other_non_operating_income": 560000000.0,
            "depreciation": null,
            "depreciation_and_amortization": 3177000000.0,
            "income_before_tax": 2745000000.0,
            "income_tax_expense": 7896000000.0,
            "interest_and_debt_expense": null,
            "net_income_from_continuing_operations": -4874000000.0,
            "comprehensive_income_net_of_tax": -5379000000.0,
            "ebit": 2205000000.0,
            "ebitda": 6315000000.0,
            "net_income": -5151000000.0
        },
        {
            "fiscal_date_ending": "2018-03-31",
            "reported_currency": "USD",
            "gross_profit": -410000000.0,
            "total_revenue": 36099000000.0,
            "cost_of_revenue": 36509000000.0,
            "cost_of_goods_and_services_sold": 30184000000.0,
            "operating_income": 529000000.0,
            "selling_general_and_administrative": 2372000000.0,
            "research_and_development": null,
            "operating_expenses": 35570000000.0,
            "investment_income_net": null,
            "net_interest_income": 864000000.0,
            "interest_income": null,
            "interest_expense": 150000000.0,
            "non_interest_income": null,
            "other_non_operating_income": 1197000000.0,
            "depreciation": null,
            "depreciation_and_amortization": 3581000000.0,
            "income_before_tax": 1512000000.0,
            "income_tax_expense": 466000000.0,
            "interest_and_debt_expense": null,
            "net_income_from_continuing_operations": 1116000000.0,
            "comprehensive_income_net_of_tax": 1074000000.0,
            "ebit": 529000000.0,
            "ebitda": 5307000000.0,
            "net_income": 1046000000.0
        },
        {
            "fiscal_date_ending": "2018-06-30",
            "reported_currency": "USD",
            "gross_profit": 1310000000.0,
            "total_revenue": 36760000000.0,
            "cost_of_revenue": 35450000000.0,
            "cost_of_goods_and_services_sold": 30071000000.0,
            "operating_income": 1477000000.0,
            "selling_general_and_administrative": 2216000000.0,
            "research_and_development": null,
            "operating_expenses": 35283000000.0,
            "investment_income_net": null,
            "net_interest_income": 883000000.0,
            "interest_income": null,
            "interest_expense": 159000000.0,
            "non_interest_income": null,
            "other_non_operating_income": 1567000000.0,
            "depreciation": null,
            "depreciation_and_amortization": 3129000000.0,
            "income_before_tax": 2909000000.0,
            "income_tax_expense": 519000000.0,
            "interest_and_debt_expense": null,
            "net_income_from_continuing_operations": 2390000000.0,
            "comprehensive_income_net_of_tax": 2300000000.0,
            "ebit": 1477000000.0,
            "ebitda": 6173000000.0,
            "net_income": 2390000000.0
        },
        {
            "fiscal_date_ending": "2018-09-30",
            "reported_currency": "USD",
            "gross_profit": 35775000000.0,
            "total_revenue": 35791000000.0,
            "cost_of_revenue": 16000000.0,
            "cost_of_goods_and_services_sold": 31597000000.0,
            "operating_income": 1610000000.0,
            "selling_general_and_administrative": 2584000000.0,
            "research_and_development": null,
            "operating_expenses": 34181000000.0,
            "investment_income_net": null,
            "net_interest_income": null,
            "interest_income": null,
            "interest_expense": 161000000.0,
            "non_interest_income": null,
            "other_non_operating_income": 1181000000.0,
            "depreciation": null,
            "depreciation_and_amortization": 3313000000.0,
            "income_before_tax": 2634000000.0,
            "income_tax_expense": 100000000.0,
            "interest_and_debt_expense": null,
            "net_income_from_continuing_operations": 2534000000.0,
            "comprehensive_income_net_of_tax": 2384000000.0,
            "ebit": 1610000000.0,
            "ebitda": 6104000000.0,
            "net_income": 2534000000.0
        },
        {
            "fiscal_date_ending": "2018-12-31",
            "reported_currency": "USD",
            "gross_profit": 38399000000.0,
            "total_revenue": 38399000000.0,
            "cost_of_revenue": 131595000000.0,
            "cost_of_goods_and_services_sold": 35092000000.0,
            "operating_income": 829000000.0,
            "selling_general_and_administrative": 2478000000.0,
            "research_and_development": 7800000000.0,
            "operating_expenses": 37570000000.0,
            "investment_income_net": null,
            "net_interest_income": null,
            "interest_income": null,
            "interest_expense": 185000000.0,
            "non_interest_income": null,
            "other_non_operating_income": 814000000.0,
            "depreciation": null,
            "depreciation_and_amortization": 3646000000.0,
            "income_before_tax": 1433000000.0,
            "income_tax_expense": -611000000.0,
            "interest_and_debt_expense": null,
            "net_income_from_continuing_operations": 2044000000.0,
            "comprehensive_income_net_of_tax": 1326000000.0,
            "ebit": 829000000.0,
            "ebitda": 5289000000.0,
            "net_income": 2044000000.0
        },
        {
            "fiscal_date_ending": "2019-03-31",
            "reported_currency": "USD",
            "gross_profit": 34825000000.0,
            "total_revenue": 34878000000.0,
            "cost_of_revenue": 53000000.0,
            "cost_of_goods_and_services_sold": 31535000000.0,
            "operating_income": 1244000000.0,
            "selling_general_and_administrative": 2099000000.0,
            "research_and_development": null,
            "operating_expenses": 33634000000.0,
            "investment_income_net": null,
            "net_interest_income": 985000000.0,
            "interest_income": 805000000.0,
            "interest_expense": 181000000.0,
            "non_interest_income": 31261000000.0,
            "other_non_operating_income": 1219000000.0,
            "depreciation": null,
            "depreciation_and_amortization": 4116000000.0,
            "income_before_tax": 2294000000.0,
            "income_tax_expense": 137000000.0,
            "interest_and_debt_expense": null,
            "net_income_from_continuing_operations": 2157000000.0,
            "comprehensive_income_net_of_tax": 2347000000.0,
            "ebit": 1244000000.0,
            "ebitda": 6579000000.0,
            "net_income": 2157000000.0
        },
        {
            "fiscal_date_ending": "2019-06-30",
            "reported_currency": "USD",
            "gross_profit": 35807000000.0,
            "total_revenue": 36060000000.0,
            "cost_of_revenue": 253000000.0,
            "cost_of_goods_and_services_sold": 31471000000.0,
            "operating_income": 2487000000.0,
            "selling_general_and_administrative": 2102000000.0,
            "research_and_development": null,
            "operating_expenses": 33573000000.0,
            "investment_income_net": null,
            "net_interest_income": 1006000000.0,
            "interest_income": 364000000.0,
            "interest_expense": 195000000.0,
            "non_interest_income": 32425000000.0,
            "other_non_operating_income": 635000000.0,
            "depreciation": null,
            "depreciation_and_amortization": 3407000000.0,
            "income_before_tax": 2942000000.0,
            "income_tax_expense": 524000000.0,
            "interest_and_debt_expense": null,
            "net_income_from_continuing_operations": 2418000000.0,
            "comprehensive_income_net_of_tax": 2497000000.0,
            "ebit": 2487000000.0,
            "ebitda": 6529000000.0,
            "net_income": 2418000000.0
        },
        {
            "fiscal_date_ending": "2019-09-30",
            "reported_currency": "USD",
            "gross_profit": 35261000000.0,
            "total_revenue": 35473000000.0,
            "cost_of_revenue": 212000000.0,
            "cost_of_goods_and_services_sold": 31161000000.0,
            "operating_income": 2304000000.0,
            "selling_general_and_administrative": 2008000000.0,
            "research_and_development": null,
            "operating_expenses": 33169000000.0,
            "investment_income_net": null,
            "net_interest_income": 1041000000.0,
            "interest_income": 169000000.0,
            "interest_expense": 206000000.0,
            "non_interest_income": 31817000000.0,
            "other_non_operating_income": 484000000.0,
            "depreciation": null,
            "depreciation_and_amortization": 3309000000.0,
            "income_before_tax": 2622000000.0,
            "income_tax_expense": 271000000.0,
            "interest_and_debt_expense": null,
            "net_income_from_continuing_operations": 2351000000.0,
            "comprehensive_income_net_of_tax": 2124000000.0,
            "ebit": 2304000000.0,
            "ebitda": 6097000000.0,
            "net_income": 2351000000.0
        },
        {
            "fiscal_date_ending": "2019-12-31",
            "reported_currency": "USD",
            "gross_profit": 30826000000.0,
            "total_revenue": 30826000000.0,
            "cost_of_revenue": 119385000000.0,
            "cost_of_goods_and_services_sold": 29098000000.0,
            "operating_income": -554000000.0,
            "selling_general_and_administrative": 2282000000.0,
            "research_and_development": 6800000000.0,
            "operating_expenses": -90996000000.0,
            "investment_income_net": null,
            "net_interest_income": -3391000000.0,
            "interest_income": 909000000.0,
            "interest_expense": 200000000.0,
            "non_interest_income": 27194000000.0,
            "other_non_operating_income": 399000000.0,
            "depreciation": null,
            "depreciation_and_amortization": 74000000.0,
            "income_before_tax": -357000000.0,
            "income_tax_expense": -163000000.0,
            "interest_and_debt_expense": null,
            "net_income_from_continuing_operations": -194000000.0,
            "comprehensive_income_net_of_tax": -2353000000.0,
            "ebit": -554000000.0,
            "ebitda": -480000000.0,
            "net_income": -194000000.0
        },
        {
            "fiscal_date_ending": "2020-03-31",
            "reported_currency": "USD",
            "gross_profit": 32380000000.0,
            "total_revenue": 32709000000.0,
            "cost_of_revenue": 329000000.0,
            "cost_of_goods_and_services_sold": 30082000000.0,
            "operating_income": 657000000.0,
            "selling_general_and_administrative": 1970000000.0,
            "research_and_development": null,
            "operating_expenses": 32052000000.0,
            "investment_income_net": null,
            "net_interest_income": 1005000000.0,
            "interest_income": 311000000.0,
            "interest_expense": 193000000.0,
            "non_interest_income": 29150000000.0,
            "other_non_operating_income": 179000000.0,
            "depreciation": null,
            "depreciation_and_amortization": 3308000000.0,
            "income_before_tax": 651000000.0,
            "income_tax_expense": 357000000.0,
            "interest_and_debt_expense": null,
            "net_income_from_continuing_operations": 286000000.0,
            "comprehensive_income_net_of_tax": -350000000.0,
            "ebit": 657000000.0,
            "ebitda": 4144000000.0,
            "net_income": 294000000.0
        },
        {
            "fiscal_date_ending": "2020-06-30",
            "reported_currency": "USD",
            "gross_profit": 16736000000.0,
            "total_revenue": 16778000000.0,
            "cost_of_revenue": 42000000.0,
            "cost_of_goods_and_services_sold": 16682000000.0,
            "operating_income": -1214000000.0,
            "selling_general_and_administrative": 1310000000.0,
            "research_and_development": null,
            "operating_expenses": 17992000000.0,
            "investment_income_net": null,
            "net_interest_income": 966000000.0,
            "interest_income": 413000000.0,
            "interest_expense": 303000000.0,
            "non_interest_income": 13363000000.0,
            "other_non_operating_income": 625000000.0,
            "depreciation": null,
            "depreciation_and_amortization": 3265000000.0,
            "income_before_tax": -870000000.0,
            "income_tax_expense": -112000000.0,
            "interest_and_debt_expense": null,
            "net_income_from_continuing_operations": -780000000.0,
            "comprehensive_income_net_of_tax": -859000000.0,
            "ebit": -1214000000.0,
            "ebitda": 2676000000.0,
            "net_income": -758000000.0
        },
        {
            "fiscal_date_ending": "2020-09-30",
            "reported_currency": "USD",
            "gross_profit": 35396000000.0,
            "total_revenue": 35480000000.0,
            "cost_of_revenue": 84000000.0,
            "cost_of_goods_and_services_sold": 29428000000.0,
            "operating_income": 4424000000.0,
            "selling_general_and_administrative": 1628000000.0,
            "research_and_development": null,
            "operating_expenses": 31056000000.0,
            "investment_income_net": null,
            "net_interest_income": 999000000.0,
            "interest_income": 159000000.0,
            "interest_expense": 327000000.0,
            "non_interest_income": 32067000000.0,
            "other_non_operating_income": 808000000.0,
            "depreciation": null,
            "depreciation_and_amortization": 3162000000.0,
            "income_before_tax": 4932000000.0,
            "income_tax_expense": 887000000.0,
            "interest_and_debt_expense": null,
            "net_income_from_continuing_operations": 4018000000.0,
            "comprehensive_income_net_of_tax": 3991000000.0,
            "ebit": 4424000000.0,
            "ebitda": 8394000000.0,
            "net_income": 4045000000.0
        },
        {
            "fiscal_date_ending": "2020-12-31",
            "reported_currency": "USD",
            "gross_profit": -67452000000.0,
            "total_revenue": 37518000000.0,
            "cost_of_revenue": 104970000000.0,
            "cost_of_goods_and_services_sold": 32621000000.0,
            "operating_income": 2767000000.0,
            "selling_general_and_administrative": 1970000000.0,
            "research_and_development": 6200000000.0,
            "operating_expenses": 34751000000.0,
            "investment_income_net": null,
            "net_interest_income": -3096000000.0,
            "interest_income": 672000000.0,
            "interest_expense": 275000000.0,
            "non_interest_income": 34093000000.0,
            "other_non_operating_income": 947000000.0,
            "depreciation": null,
            "depreciation_and_amortization": 3080000000.0,
            "income_before_tax": 3488000000.0,
            "income_tax_expense": 642000000.0,
            "interest_and_debt_expense": null,
            "net_income_from_continuing_operations": 2903000000.0,
            "comprehensive_income_net_of_tax": 1313000000.0,
            "ebit": 2767000000.0,
            "ebitda": 6794000000.0,
            "net_income": 2846000000.0
        },
        {
            "fiscal_date_ending": "2021-03-31",
            "reported_currency": "USD",
            "gross_profit": 32471000000.0,
            "total_revenue": 32474000000.0,
            "cost_of_revenue": 3000000.0,
            "cost_of_goods_and_services_sold": 27394000000.0,
            "operating_income": 3277000000.0,
            "selling_general_and_administrative": 64000000.0,
            "research_and_development": null,
            "operating_expenses": 29197000000.0,
            "investment_income_net": null,
            "net_interest_income": 1016000000.0,
            "interest_income": 799000000.0,
            "interest_expense": 250000000.0,
            "non_interest_income": 29067000000.0,
            "other_non_operating_income": 1164000000.0,
            "depreciation": null,
            "depreciation_and_amortization": 3015000000.0,
            "income_before_tax": 4222000000.0,
            "income_tax_expense": 1200000000.0,
            "interest_and_debt_expense": null,
            "net_income_from_continuing_operations": 3014000000.0,
            "comprehensive_income_net_of_tax": 3184000000.0,
            "ebit": 3277000000.0,
            "ebitda": 7456000000.0,
            "net_income": 3022000000.0
        },
        {
            "fiscal_date_ending": "2021-06-30",
            "reported_currency": "USD",
            "gross_profit": 34108000000.0,
            "total_revenue": 34167000000.0,
            "cost_of_revenue": 59000000.0,
            "cost_of_goods_and_services_sold": 29160000000.0,
            "operating_income": 2882000000.0,
            "selling_general_and_administrative": 139000000.0,
            "research_and_development": null,
            "operating_expenses": 31285000000.0,
            "investment_income_net": null,
            "net_interest_income": 1036000000.0,
            "interest_income": 383000000.0,
            "interest_expense": 243000000.0,
            "non_interest_income": 30744000000.0,
            "other_non_operating_income": 1111000000.0,
            "depreciation": null,
            "depreciation_and_amortization": 3018000000.0,
            "income_before_tax": 3807000000.0,
            "income_tax_expense": 971000000.0,
            "interest_and_debt_expense": null,
            "net_income_from_continuing_operations": 2779000000.0,
            "comprehensive_income_net_of_tax": 3166000000.0,
            "ebit": 2882000000.0,
            "ebitda": 7011000000.0,
            "net_income": 2836000000.0
        },
        {
            "fiscal_date_ending": "2021-09-30",
            "reported_currency": "USD",
            "gross_profit": 26622000000.0,
            "total_revenue": 26779000000.0,
            "cost_of_revenue": 157000000.0,
            "cost_of_goods_and_services_sold": 22986000000.0,
            "operating_income": 1645000000.0,
            "selling_general_and_administrative": 82000000.0,
            "research_and_development": null,
            "operating_expenses": 25134000000.0,
            "investment_income_net": null,
            "net_interest_income": 1035000000.0,
            "interest_income": 800000000.0,
            "interest_expense": 230000000.0,
            "non_interest_income": 23426000000.0,
            "other_non_operating_income": 1123000000.0,
            "depreciation": 1600000000.0,
            "depreciation_and_amortization": 3081000000.0,
            "income_before_tax": 2572000000.0,
            "income_tax_expense": 152000000.0,
            "interest_and_debt_expense": null,
            "net_income_from_continuing_operations": 2386000000.0,
            "comprehensive_income_net_of_tax": 2413000000.0,
            "ebit": 1645000000.0,
            "ebitda": 5849000000.0,
            "net_income": 2420000000.0
        },
        {
            "fiscal_date_ending": "2021-12-31",
            "reported_currency": "USD",
            "gross_profit": -75656000000.0,
            "total_revenue": 33584000000.0,
            "cost_of_revenue": 109240000000.0,
            "cost_of_goods_and_services_sold": 29586000000.0,
            "operating_income": 1520000000.0,
            "selling_general_and_administrative": 8268000000.0,
            "research_and_development": 7900000000.0,
            "operating_expenses": 32064000000.0,
            "investment_income_net": null,
            "net_interest_income": 1016000000.0,
            "interest_income": 658000000.0,
            "interest_expense": 227000000.0,
            "non_interest_income": 30353000000.0,
            "other_non_operating_income": 944000000.0,
            "depreciation": null,
            "depreciation_and_amortization": 2937000000.0,
            "income_before_tax": 2212000000.0,
            "income_tax_expense": 471000000.0,
            "interest_and_debt_expense": null,
            "net_income_from_continuing_operations": 1840000000.0,
            "comprehensive_income_net_of_tax": 5475000000.0,
            "ebit": 1520000000.0,
            "ebitda": 5401000000.0,
            "net_income": 1741000000.0
        },
        {
            "fiscal_date_ending": "2022-03-31",
            "reported_currency": "USD",
            "gross_profit": 35902000000.0,
            "total_revenue": 35979000000.0,
            "cost_of_revenue": 77000000.0,
            "cost_of_goods_and_services_sold": 31279000000.0,
            "operating_income": 2196000000.0,
            "selling_general_and_administrative": 77000000.0,
            "research_and_development": null,
            "operating_expenses": 33783000000.0,
            "investment_income_net": null,
            "net_interest_income": 1010000000.0,
            "interest_income": 517000000.0,
            "interest_expense": 226000000.0,
            "non_interest_income": 32824000000.0,
            "other_non_operating_income": 809000000.0,
            "depreciation": 1200000000.0,
            "depreciation_and_amortization": 2891000000.0,
            "income_before_tax": 2911000000.0,
            "income_tax_expense": -28000000.0,
            "interest_and_debt_expense": null,
            "net_income_from_continuing_operations": 2807000000.0,
            "comprehensive_income_net_of_tax": 3394000000.0,
            "ebit": 2196000000.0,
            "ebitda": 5896000000.0,
            "net_income": 2939000000.0
        },
        {
            "fiscal_date_ending": "2022-06-30",
            "reported_currency": "USD",
            "gross_profit": 35654000000.0,
            "total_revenue": 35759000000.0,
            "cost_of_revenue": 105000000.0,
            "cost_of_goods_and_services_sold": 31350000000.0,
            "operating_income": 2116000000.0,
            "selling_general_and_administrative": 94000000.0,
            "research_and_development": null,
            "operating_expenses": 33643000000.0,
            "investment_income_net": null,
            "net_interest_income": 1062000000.0,
            "interest_income": 295000000.0,
            "interest_expense": 234000000.0,
            "non_interest_income": 32614000000.0,
            "other_non_operating_income": 250000000.0,
            "depreciation": 1200000000.0,
            "depreciation_and_amortization": 3106000000.0,
            "income_before_tax": 2182000000.0,
            "income_tax_expense": 490000000.0,
            "interest_and_debt_expense": null,
            "net_income_from_continuing_operations": 1642000000.0,
            "comprehensive_income_net_of_tax": 1629000000.0,
            "ebit": 2116000000.0,
            "ebitda": 5222000000.0,
            "net_income": 1692000000.0
        },
        {
            "fiscal_date_ending": "2022-09-30",
            "reported_currency": "USD",
            "gross_profit": 41794000000.0,
            "total_revenue": 41889000000.0,
            "cost_of_revenue": 95000000.0,
            "cost_of_goods_and_services_sold": 36020000000.0,
            "operating_income": 3392000000.0,
            "selling_general_and_administrative": 95000000.0,
            "research_and_development": null,
            "operating_expenses": 38497000000.0,
            "investment_income_net": null,
            "net_interest_income": 1157000000.0,
            "interest_income": 598000000.0,
            "interest_expense": 259000000.0,
            "non_interest_income": 38703000000.0,
            "other_non_operating_income": 965000000.0,
            "depreciation": 1200000000.0,
            "depreciation_and_amortization": 3737000000.0,
            "income_before_tax": 4150000000.0,
            "income_tax_expense": 845000000.0,
            "interest_and_debt_expense": null,
            "net_income_from_continuing_operations": 3252000000.0,
            "comprehensive_income_net_of_tax": 2868000000.0,
            "ebit": 3392000000.0,
            "ebitda": 7129000000.0,
            "net_income": 3305000000.0
        },
        {
            "fiscal_date_ending": "2022-12-31",
            "reported_currency": "USD",
            "gross_profit": 42294000000.0,
            "total_revenue": 43108000000.0,
            "cost_of_revenue": 814000000.0,
            "cost_of_goods_and_services_sold": 37105000000.0,
            "operating_income": 2611000000.0,
            "selling_general_and_administrative": 152000000.0,
            "research_and_development": 9800000000.0,
            "operating_expenses": 40499000000.0,
            "investment_income_net": null,
            "net_interest_income": 1290000000.0,
            "interest_income": 24000000.0,
            "interest_expense": 268000000.0,
            "non_interest_income": 39834000000.0,
            "other_non_operating_income": null,
            "depreciation": null,
            "depreciation_and_amortization": 3015000000.0,
            "income_before_tax": 2579000000.0,
            "income_tax_expense": 580000000.0,
            "interest_and_debt_expense": null,
            "net_income_from_continuing_operations": 2233000000.0,
            "comprehensive_income_net_of_tax": 3412000000.0,
            "ebit": 2611000000.0,
            "ebitda": 5626000000.0,
            "net_income": 1999000000.0
        },
        {
            "fiscal_date_ending": "2023-03-31",
            "reported_currency": "USD",
            "gross_profit": 39005000000.0,
            "total_revenue": 39985000000.0,
            "cost_of_revenue": 980000000.0,
            "cost_of_goods_and_services_sold": 34859000000.0,
            "operating_income": 2578000000.0,
            "selling_general_and_administrative": 5159000000.0,
            "research_and_development": null,
            "operating_expenses": 37407000000.0,
            "investment_income_net": null,
            "net_interest_income": 1366000000.0,
            "interest_income": 409000000.0,
            "interest_expense": 234000000.0,
            "non_interest_income": 36646000000.0,
            "other_non_operating_income": 409000000.0,
            "depreciation": 1200000000.0,
            "depreciation_and_amortization": 3243000000.0,
            "income_before_tax": 2823000000.0,
            "income_tax_expense": 428000000.0,
            "interest_and_debt_expense": null,
            "net_income_from_continuing_operations": 2347000000.0,
            "comprehensive_income_net_of_tax": 2518000000.0,
            "ebit": 2578000000.0,
            "ebitda": 5821000000.0,
            "net_income": 2395000000.0
        },
        {
            "fiscal_date_ending": "2023-06-30",
            "reported_currency": "USD",
            "gross_profit": 44491000000.0,
            "total_revenue": 44746000000.0,
            "cost_of_revenue": 255000000.0,
            "cost_of_goods_and_services_sold": 39400000000.0,
            "operating_income": 2789000000.0,
            "selling_general_and_administrative": 5326000000.0,
            "research_and_development": null,
            "operating_expenses": 41958000000.0,
            "investment_income_net": null,
            "net_interest_income": 1486000000.0,
            "interest_income": 358000000.0,
            "interest_expense": 226000000.0,
            "non_interest_income": 41254000000.0,
            "other_non_operating_income": 358000000.0,
            "depreciation": 1200000000.0,
            "depreciation_and_amortization": 3400000000.0,
            "income_before_tax": 3088000000.0,
            "income_tax_expense": 522000000.0,
            "interest_and_debt_expense": null,
            "net_income_from_continuing_operations": 2507000000.0,
            "comprehensive_income_net_of_tax": 2393000000.0,
            "ebit": 2789000000.0,
            "ebitda": 6189000000.0,
            "net_income": 2566000000.0
        },
        {
            "fiscal_date_ending": "2023-09-30",
            "reported_currency": "USD",
            "gross_profit": 43970000000.0,
            "total_revenue": 44131000000.0,
            "cost_of_revenue": 161000000.0,
            "cost_of_goods_and_services_sold": 35842000000.0,
            "operating_income": 3013000000.0,
            "selling_general_and_administrative": 2344000000.0,
            "research_and_development": null,
            "operating_expenses": 41118000000.0,
            "investment_income_net": null,
            "net_interest_income": 1616000000.0,
            "interest_income": 453000000.0,
            "interest_expense": 2933000000.0,
            "non_interest_income": 40498000000.0,
            "other_non_operating_income": null,
            "depreciation": 1200000000.0,
            "depreciation_and_amortization": 2992000000.0,
            "income_before_tax": 3534000000.0,
            "income_tax_expense": 470000000.0,
            "interest_and_debt_expense": null,
            "net_income_from_continuing_operations": 2994000000.0,
            "comprehensive_income_net_of_tax": 3099000000.0,
            "ebit": 3013000000.0,
            "ebitda": 3013000000.0,
            "net_income": 3064000000.0
        },
        {
            "fiscal_date_ending": "2023-12-31",
            "reported_currency": "USD",
            "gross_profit": 41881000000.0,
            "total_revenue": 42979000000.0,
            "cost_of_revenue": 1098000000.0,
            "cost_of_goods_and_services_sold": 39670000000.0,
            "operating_income": 918000000.0,
            "selling_general_and_administrative": 1209000000.0,
            "research_and_development": 9900000000.0,
            "operating_expenses": 42061000000.0,
            "investment_income_net": null,
            "net_interest_income": 1718000000.0,
            "interest_income": 110000000.0,
            "interest_expense": 222000000.0,
            "non_interest_income": 39260000000.0,
            "other_non_operating_income": null,
            "depreciation": null,
            "depreciation_and_amortization": 2999000000.0,
            "income_before_tax": 1243000000.0,
            "income_tax_expense": -858000000.0,
            "interest_and_debt_expense": null,
            "net_income_from_continuing_operations": 1994000000.0,
            "comprehensive_income_net_of_tax": -228000000.0,
            "ebit": 918000000.0,
            "ebitda": 4357000000.0,
            "net_income": 2101000000.0
        },
        {
            "fiscal_date_ending": "2024-03-31",
            "reported_currency": "USD",
            "gross_profit": 42900000000.0,
            "total_revenue": 43014000000.0,
            "cost_of_revenue": 114000000.0,
            "cost_of_goods_and_services_sold": 37102000000.0,
            "operating_income": 3738000000.0,
            "selling_general_and_administrative": 2175000000.0,
            "research_and_development": null,
            "operating_expenses": 39277000000.0,
            "investment_income_net": null,
            "net_interest_income": 1778000000.0,
            "interest_income": 302000000.0,
            "interest_expense": 219000000.0,
            "non_interest_income": 39212000000.0,
            "other_non_operating_income": null,
            "depreciation": 1200000000.0,
            "depreciation_and_amortization": 2798000000.0,
            "income_before_tax": 3742000000.0,
            "income_tax_expense": 762000000.0,
            "interest_and_debt_expense": null,
            "net_income_from_continuing_operations": 2953000000.0,
            "comprehensive_income_net_of_tax": 2768000000.0,
            "ebit": 3738000000.0,
            "ebitda": 6732000000.0,
            "net_income": 2980000000.0
        },
        {
            "fiscal_date_ending": "2024-06-30",
            "reported_currency": "USD",
            "gross_profit": 47065000000.0,
            "total_revenue": 47969000000.0,
            "cost_of_revenue": 904000000.0,
            "cost_of_goods_and_services_sold": 41724000000.0,
            "operating_income": 3873000000.0,
            "selling_general_and_administrative": 2372000000.0,
            "research_and_development": null,
            "operating_expenses": 44096000000.0,
            "investment_income_net": null,
            "net_interest_income": 1868000000.0,
            "interest_income": 60000000.0,
            "interest_expense": 206000000.0,
            "non_interest_income": 44060000000.0,
            "other_non_operating_income": null,
            "depreciation": 1200000000.0,
            "depreciation_and_amortization": 3486000000.0,
            "income_before_tax": 3700000000.0,
            "income_tax_expense": 767000000.0,
            "interest_and_debt_expense": null,
            "net_income_from_continuing_operations": 2876000000.0,
            "comprehensive_income_net_of_tax": 2605000000.0,
            "ebit": 3873000000.0,
            "ebitda": 7335000000.0,
            "net_income": 2933000000.0
        },
        {
            "fiscal_date_ending": "2024-09-30",
            "reported_currency": "USD",
            "gross_profit": 48388000000.0,
            "total_revenue": 48757000000.0,
            "cost_of_revenue": 369000000.0,
            "cost_of_goods_and_services_sold": 42360000000.0,
            "operating_income": 3651000000.0,
            "selling_general_and_administrative": 2745000000.0,
            "research_and_development": null,
            "operating_expenses": 45105000000.0,
            "investment_income_net": null,
            "net_interest_income": 1956000000.0,
            "interest_income": 394000000.0,
            "interest_expense": 206000000.0,
            "non_interest_income": 44735000000.0,
            "other_non_operating_income": null,
            "depreciation": 1200000000.0,
            "depreciation_and_amortization": 2872000000.0,
            "income_before_tax": 3765000000.0,
            "income_tax_expense": 709000000.0,
            "interest_and_debt_expense": null,
            "net_income_from_continuing_operations": 3008000000.0,
            "comprehensive_income_net_of_tax": 3376000000.0,
            "ebit": 3651000000.0,
            "ebitda": 6795000000.0,
            "net_income": 3056000000.0
        }
    ],
    "total_quarters": 59,
    "date_range": {
        "start": "2010-03-31",
        "end": "2024-09-30"
    }
}