{
    "symbol": "STLA",
    "quarterly_reports": [
        {
            "fiscal_date_ending": "2004-09-30",
            "reported_currency": "EUR",
            "gross_profit": 11620401000.0,
            "total_revenue": 11620401000.0,
            "cost_of_revenue": null,
            "cost_of_goods_and_services_sold": null,
            "operating_income": 11620401000.0,
            "selling_general_and_administrative": null,
            "research_and_development": null,
            "operating_expenses": null,
            "investment_income_net": null,
            "net_interest_income": null,
            "interest_income": null,
            "interest_expense": null,
            "non_interest_income": null,
            "other_non_operating_income": null,
            "depreciation": null,
            "depreciation_and_amortization": null,
            "income_before_tax": null,
            "income_tax_expense": 396460740.0,
            "interest_and_debt_expense": null,
            "net_income_from_continuing_operations": null,
            "comprehensive_income_net_of_tax": null,
            "ebit": null,
            "ebitda": 11620401000.0,
            "net_income": -396460740.0
        },
        {
            "fiscal_date_ending": "2004-12-31",
            "reported_currency": "EUR",
            "gross_profit": 11626797000.0,
            "total_revenue": 11626797000.0,
            "cost_of_revenue": null,
            "cost_of_goods_and_services_sold": null,
            "operating_income": -34494203000.0,
            "selling_general_and_administrative": null,
            "research_and_development": null,
            "operating_expenses": -46121000000.0,
            "investment_income_net": null,
            "net_interest_income": null,
            "interest_income": null,
            "interest_expense": null,
            "non_interest_income": null,
            "other_non_operating_income": null,
            "depreciation": null,
            "depreciation_and_amortization": 410000000.0,
            "income_before_tax": null,
            "income_tax_expense": 396617780.0,
            "interest_and_debt_expense": null,
            "net_income_from_continuing_operations": null,
            "comprehensive_income_net_of_tax": null,
            "ebit": -34904203000.0,
            "ebitda": -34494203000.0,
            "net_income": -396617780.0
        },
        {
            "fiscal_date_ending": "2005-03-31",
            "reported_currency": "EUR",
            "gross_profit": 11631621540.0,
            "total_revenue": 11631621540.0,
            "cost_of_revenue": null,
            "cost_of_goods_and_services_sold": null,
            "operating_income": 11631621540.0,
            "selling_general_and_administrative": null,
            "research_and_development": null,
            "operating_expenses": null,
            "investment_income_net": null,
            "net_interest_income": null,
            "interest_income": null,
            "interest_expense": null,
            "non_interest_income": null,
            "other_non_operating_income": null,
            "depreciation": null,
            "depreciation_and_amortization": null,
            "income_before_tax": null,
            "income_tax_expense": -354857800.0,
            "interest_and_debt_expense": null,
            "net_income_from_continuing_operations": null,
            "comprehensive_income_net_of_tax": null,
            "ebit": null,
            "ebitda": 11631621540.0,
            "net_income": 354857800.0
        },
        {
            "fiscal_date_ending": "2005-06-30",
            "reported_currency": "EUR",
            "gross_profit": 11612575800.0,
            "total_revenue": 11612575800.0,
            "cost_of_revenue": null,
            "cost_of_goods_and_services_sold": null,
            "operating_income": 11612575800.0,
            "selling_general_and_administrative": null,
            "research_and_development": null,
            "operating_expenses": null,
            "investment_income_net": null,
            "net_interest_income": null,
            "interest_income": null,
            "interest_expense": null,
            "non_interest_income": null,
            "other_non_operating_income": null,
            "depreciation": null,
            "depreciation_and_amortization": null,
            "income_before_tax": null,
            "income_tax_expense": -354323970.0,
            "interest_and_debt_expense": null,
            "net_income_from_continuing_operations": null,
            "comprehensive_income_net_of_tax": null,
            "ebit": null,
            "ebitda": 11612575800.0,
            "net_income": 354323970.0
        },
        {
            "fiscal_date_ending": "2005-09-30",
            "reported_currency": "EUR",
            "gross_profit": 11623360960.0,
            "total_revenue": 11623360960.0,
            "cost_of_revenue": null,
            "cost_of_goods_and_services_sold": null,
            "operating_income": 11623360960.0,
            "selling_general_and_administrative": null,
            "research_and_development": null,
            "operating_expenses": null,
            "investment_income_net": null,
            "net_interest_income": null,
            "interest_income": null,
            "interest_expense": null,
            "non_interest_income": null,
            "other_non_operating_income": null,
            "depreciation": null,
            "depreciation_and_amortization": null,
            "income_before_tax": null,
            "income_tax_expense": -354918130.0,
            "interest_and_debt_expense": null,
            "net_income_from_continuing_operations": null,
            "comprehensive_income_net_of_tax": null,
            "ebit": null,
            "ebitda": 11623360960.0,
            "net_income": 354918130.0
        },
        {
            "fiscal_date_ending": "2005-12-31",
            "reported_currency": "EUR",
            "gross_profit": 10701424820.0,
            "total_revenue": 10701424820.0,
            "cost_of_revenue": null,
            "cost_of_goods_and_services_sold": null,
            "operating_income": -31883575180.0,
            "selling_general_and_administrative": null,
            "research_and_development": null,
            "operating_expenses": -42585000000.0,
            "investment_income_net": null,
            "net_interest_income": null,
            "interest_income": null,
            "interest_expense": null,
            "non_interest_income": null,
            "other_non_operating_income": null,
            "depreciation": null,
            "depreciation_and_amortization": 2344000000.0,
            "income_before_tax": null,
            "income_tax_expense": -237153960.0,
            "interest_and_debt_expense": null,
            "net_income_from_continuing_operations": null,
            "comprehensive_income_net_of_tax": null,
            "ebit": -34227575180.0,
            "ebitda": -31883575180.0,
            "net_income": 237153960.0
        },
        {
            "fiscal_date_ending": "2006-03-31",
            "reported_currency": "EUR",
            "gross_profit": 1906598110.0,
            "total_revenue": 12550052120.0,
            "cost_of_revenue": 10643454010.0,
            "cost_of_goods_and_services_sold": 10643454010.0,
            "operating_income": 329178990.0,
            "selling_general_and_administrative": null,
            "research_and_development": 330004000.0,
            "operating_expenses": 1580719160.0,
            "investment_income_net": null,
            "net_interest_income": null,
            "interest_income": null,
            "interest_expense": null,
            "non_interest_income": null,
            "other_non_operating_income": null,
            "depreciation": null,
            "depreciation_and_amortization": 753234130.0,
            "income_before_tax": 231827810.0,
            "income_tax_expense": 80850980.0,
            "interest_and_debt_expense": null,
            "net_income_from_continuing_operations": null,
            "comprehensive_income_net_of_tax": null,
            "ebit": 329178990.0,
            "ebitda": 1082413120.0,
            "net_income": 137776670.0
        },
        {
            "fiscal_date_ending": "2006-06-30",
            "reported_currency": "EUR",
            "gross_profit": 2191280000.0,
            "total_revenue": 13618022600.0,
            "cost_of_revenue": 11426742600.0,
            "cost_of_goods_and_services_sold": 11426742600.0,
            "operating_income": 669123000.0,
            "selling_general_and_administrative": null,
            "research_and_development": 370952400.0,
            "operating_expenses": 1526852600.0,
            "investment_income_net": null,
            "net_interest_income": null,
            "interest_income": null,
            "interest_expense": null,
            "non_interest_income": null,
            "other_non_operating_income": null,
            "depreciation": null,
            "depreciation_and_amortization": 744662270.0,
            "income_before_tax": 543124400.0,
            "income_tax_expense": 212084600.0,
            "interest_and_debt_expense": null,
            "net_income_from_continuing_operations": null,
            "comprehensive_income_net_of_tax": null,
            "ebit": 669123000.0,
            "ebitda": 1413785270.0,
            "net_income": 280953400.0
        },
        {
            "fiscal_date_ending": "2006-09-30",
            "reported_currency": "EUR",
            "gross_profit": 1763454480.0,
            "total_revenue": 11796549160.0,
            "cost_of_revenue": 10033094680.0,
            "cost_of_goods_and_services_sold": 10033094680.0,
            "operating_income": 684737240.0,
            "selling_general_and_administrative": null,
            "research_and_development": 330943200.0,
            "operating_expenses": 1207942680.0,
            "investment_income_net": null,
            "net_interest_income": null,
            "interest_income": null,
            "interest_expense": null,
            "non_interest_income": null,
            "other_non_operating_income": null,
            "depreciation": null,
            "depreciation_and_amortization": 709967520.0,
            "income_before_tax": 327003400.0,
            "income_tax_expense": 126861560.0,
            "interest_and_debt_expense": null,
            "net_income_from_continuing_operations": null,
            "comprehensive_income_net_of_tax": null,
            "ebit": 684737240.0,
            "ebitda": 1394704760.0,
            "net_income": 194626120.0
        },
        {
            "fiscal_date_ending": "2006-12-31",
            "reported_currency": "EUR",
            "gross_profit": 2087881280.0,
            "total_revenue": 13898029680.0,
            "cost_of_revenue": 11810148400.0,
            "cost_of_goods_and_services_sold": 11810148400.0,
            "operating_income": 65493360.0,
            "selling_general_and_administrative": null,
            "research_and_development": 370348320.0,
            "operating_expenses": 1728282880.0,
            "investment_income_net": null,
            "net_interest_income": null,
            "interest_income": null,
            "interest_expense": null,
            "non_interest_income": null,
            "other_non_operating_income": null,
            "depreciation": null,
            "depreciation_and_amortization": 761136080.0,
            "income_before_tax": 541007840.0,
            "income_tax_expense": 70805280.0,
            "interest_and_debt_expense": null,
            "net_income_from_continuing_operations": null,
            "comprehensive_income_net_of_tax": null,
            "ebit": 65493360.0,
            "ebitda": 826629440.0,
            "net_income": 452755080.0
        },
        {
            "fiscal_date_ending": "2007-03-31",
            "reported_currency": "EUR",
            "gross_profit": 2196275040.0,
            "total_revenue": 13671699840.0,
            "cost_of_revenue": 11475424800.0,
            "cost_of_goods_and_services_sold": 11475424800.0,
            "operating_income": 625047600.0,
            "selling_general_and_administrative": null,
            "research_and_development": 373531440.0,
            "operating_expenses": 1586198640.0,
            "investment_income_net": null,
            "net_interest_income": null,
            "interest_income": null,
            "interest_expense": null,
            "non_interest_income": null,
            "other_non_operating_income": null,
            "depreciation": null,
            "depreciation_and_amortization": 667715520.0,
            "income_before_tax": 574145520.0,
            "income_tax_expense": 197619840.0,
            "interest_and_debt_expense": null,
            "net_income_from_continuing_operations": null,
            "comprehensive_income_net_of_tax": null,
            "ebit": 625047600.0,
            "ebitda": 1292763120.0,
            "net_income": 357811680.0
        },
        {
            "fiscal_date_ending": "2007-06-30",
            "reported_currency": "EUR",
            "gross_profit": 2598254090.0,
            "total_revenue": 15178029650.0,
            "cost_of_revenue": 12579775560.0,
            "cost_of_goods_and_services_sold": 12579775560.0,
            "operating_income": 958923460.0,
            "selling_general_and_administrative": null,
            "research_and_development": 381205320.0,
            "operating_expenses": 1645979560.0,
            "investment_income_net": null,
            "net_interest_income": null,
            "interest_income": null,
            "interest_expense": null,
            "non_interest_income": null,
            "other_non_operating_income": null,
            "depreciation": null,
            "depreciation_and_amortization": 675368340.0,
            "income_before_tax": 874703680.0,
            "income_tax_expense": 248226720.0,
            "interest_and_debt_expense": null,
            "net_income_from_continuing_operations": null,
            "comprehensive_income_net_of_tax": null,
            "ebit": 958923460.0,
            "ebitda": 1634291800.0,
            "net_income": 593232310.0
        },
        {
            "fiscal_date_ending": "2007-09-30",
            "reported_currency": "EUR",
            "gross_profit": 2272000000.0,
            "total_revenue": 13858000000.0,
            "cost_of_revenue": 11586000000.0,
            "cost_of_goods_and_services_sold": 11586000000.0,
            "operating_income": 1022000000.0,
            "selling_general_and_administrative": null,
            "research_and_development": 349000000.0,
            "operating_expenses": 1527000000.0,
            "investment_income_net": null,
            "net_interest_income": null,
            "interest_income": null,
            "interest_expense": 355000000.0,
            "non_interest_income": null,
            "other_non_operating_income": null,
            "depreciation": null,
            "depreciation_and_amortization": 641916140.0,
            "income_before_tax": 622000000.0,
            "income_tax_expense": 168000000.0,
            "interest_and_debt_expense": null,
            "net_income_from_continuing_operations": null,
            "comprehensive_income_net_of_tax": null,
            "ebit": 1022000000.0,
            "ebitda": 1663916140.0,
            "net_income": 432000000.0
        },
        {
            "fiscal_date_ending": "2007-12-31",
            "reported_currency": "EUR",
            "gross_profit": 2538000000.0,
            "total_revenue": 15816000000.0,
            "cost_of_revenue": 13278000000.0,
            "cost_of_goods_and_services_sold": 13278000000.0,
            "operating_income": 1113000000.0,
            "selling_general_and_administrative": null,
            "research_and_development": 432000000.0,
            "operating_expenses": 1903000000.0,
            "investment_income_net": null,
            "net_interest_income": null,
            "interest_income": null,
            "interest_expense": 444000000.0,
            "non_interest_income": null,
            "other_non_operating_income": null,
            "depreciation": null,
            "depreciation_and_amortization": 753000000.0,
            "income_before_tax": 702000000.0,
            "income_tax_expense": 105000000.0,
            "interest_and_debt_expense": null,
            "net_income_from_continuing_operations": null,
            "comprehensive_income_net_of_tax": null,
            "ebit": 1113000000.0,
            "ebitda": 1866000000.0,
            "net_income": 570000000.0
        },
        {
            "fiscal_date_ending": "2008-03-31",
            "reported_currency": "EUR",
            "gross_profit": 2408000000.0,
            "total_revenue": 15025000000.0,
            "cost_of_revenue": 12617000000.0,
            "cost_of_goods_and_services_sold": 12617000000.0,
            "operating_income": 842000000.0,
            "selling_general_and_administrative": null,
            "research_and_development": 383000000.0,
            "operating_expenses": 2503000000.0,
            "investment_income_net": null,
            "net_interest_income": null,
            "interest_income": null,
            "interest_expense": 210000000.0,
            "non_interest_income": null,
            "other_non_operating_income": null,
            "depreciation": null,
            "depreciation_and_amortization": 707000000.0,
            "income_before_tax": 636000000.0,
            "income_tax_expense": 209000000.0,
            "interest_and_debt_expense": null,
            "net_income_from_continuing_operations": null,
            "comprehensive_income_net_of_tax": null,
            "ebit": 842000000.0,
            "ebitda": 1549000000.0,
            "net_income": 427000000.0
        },
        {
            "fiscal_date_ending": "2008-06-30",
            "reported_currency": "EUR",
            "gross_profit": 3003000000.0,
            "total_revenue": 16967000000.0,
            "cost_of_revenue": 13964000000.0,
            "cost_of_goods_and_services_sold": 13964000000.0,
            "operating_income": 1187000000.0,
            "selling_general_and_administrative": null,
            "research_and_development": 416000000.0,
            "operating_expenses": 2906000000.0,
            "investment_income_net": null,
            "net_interest_income": null,
            "interest_income": null,
            "interest_expense": 231000000.0,
            "non_interest_income": null,
            "other_non_operating_income": null,
            "depreciation": null,
            "depreciation_and_amortization": 728000000.0,
            "income_before_tax": 955000000.0,
            "income_tax_expense": 309000000.0,
            "interest_and_debt_expense": null,
            "net_income_from_continuing_operations": null,
            "comprehensive_income_net_of_tax": null,
            "ebit": 1187000000.0,
            "ebitda": 1915000000.0,
            "net_income": 646000000.0
        },
        {
            "fiscal_date_ending": "2008-09-30",
            "reported_currency": "EUR",
            "gross_profit": 2399000000.0,
            "total_revenue": 14296000000.0,
            "cost_of_revenue": 11897000000.0,
            "cost_of_goods_and_services_sold": 11897000000.0,
            "operating_income": 839000000.0,
            "selling_general_and_administrative": null,
            "research_and_development": 348000000.0,
            "operating_expenses": 1626000000.0,
            "investment_income_net": null,
            "net_interest_income": null,
            "interest_income": null,
            "interest_expense": 161000000.0,
            "non_interest_income": null,
            "other_non_operating_income": null,
            "depreciation": null,
            "depreciation_and_amortization": 733000000.0,
            "income_before_tax": 675000000.0,
            "income_tax_expense": 207000000.0,
            "interest_and_debt_expense": null,
            "net_income_from_continuing_operations": null,
            "comprehensive_income_net_of_tax": null,
            "ebit": 839000000.0,
            "ebitda": 1572000000.0,
            "net_income": 468000000.0
        },
        {
            "fiscal_date_ending": "2008-12-31",
            "reported_currency": "EUR",
            "gross_profit": 2147000000.0,
            "total_revenue": 13092000000.0,
            "cost_of_revenue": 10945000000.0,
            "cost_of_goods_and_services_sold": 10945000000.0,
            "operating_income": 431000000.0,
            "selling_general_and_administrative": null,
            "research_and_development": 350000000.0,
            "operating_expenses": 1688000000.0,
            "investment_income_net": null,
            "net_interest_income": null,
            "interest_income": null,
            "interest_expense": 345000000.0,
            "non_interest_income": null,
            "other_non_operating_income": null,
            "depreciation": null,
            "depreciation_and_amortization": 733000000.0,
            "income_before_tax": -79000000.0,
            "income_tax_expense": -259000000.0,
            "interest_and_debt_expense": null,
            "net_income_from_continuing_operations": null,
            "comprehensive_income_net_of_tax": null,
            "ebit": 431000000.0,
            "ebitda": 1164000000.0,
            "net_income": 71000000.0
        },
        {
            "fiscal_date_ending": "2009-03-31",
            "reported_currency": "EUR",
            "gross_profit": 1389000000.0,
            "total_revenue": 11268000000.0,
            "cost_of_revenue": 9879000000.0,
            "cost_of_goods_and_services_sold": 9879000000.0,
            "operating_income": -148000000.0,
            "selling_general_and_administrative": null,
            "research_and_development": 340000000.0,
            "operating_expenses": 1516000000.0,
            "investment_income_net": null,
            "net_interest_income": null,
            "interest_income": null,
            "interest_expense": 210000000.0,
            "non_interest_income": null,
            "other_non_operating_income": null,
            "depreciation": null,
            "depreciation_and_amortization": 679000000.0,
            "income_before_tax": -360000000.0,
            "income_tax_expense": 51000000.0,
            "interest_and_debt_expense": null,
            "net_income_from_continuing_operations": null,
            "comprehensive_income_net_of_tax": null,
            "ebit": -148000000.0,
            "ebitda": 531000000.0,
            "net_income": -410000000.0
        },
        {
            "fiscal_date_ending": "2009-06-30",
            "reported_currency": "EUR",
            "gross_profit": 1779000000.0,
            "total_revenue": 13184000000.0,
            "cost_of_revenue": 11405000000.0,
            "cost_of_goods_and_services_sold": 11405000000.0,
            "operating_income": 290000000.0,
            "selling_general_and_administrative": null,
            "research_and_development": 321000000.0,
            "operating_expenses": 1489000000.0,
            "investment_income_net": null,
            "net_interest_income": null,
            "interest_income": null,
            "interest_expense": 161000000.0,
            "non_interest_income": null,
            "other_non_operating_income": null,
            "depreciation": null,
            "depreciation_and_amortization": 703000000.0,
            "income_before_tax": -16000000.0,
            "income_tax_expense": 163000000.0,
            "interest_and_debt_expense": null,
            "net_income_from_continuing_operations": null,
            "comprehensive_income_net_of_tax": null,
            "ebit": 290000000.0,
            "ebitda": 993000000.0,
            "net_income": -168000000.0
        },
        {
            "fiscal_date_ending": "2009-09-30",
            "reported_currency": "EUR",
            "gross_profit": 1682000000.0,
            "total_revenue": 12049000000.0,
            "cost_of_revenue": 10367000000.0,
            "cost_of_goods_and_services_sold": 10367000000.0,
            "operating_income": 298000000.0,
            "selling_general_and_administrative": null,
            "research_and_development": 308000000.0,
            "operating_expenses": 1343000000.0,
            "investment_income_net": null,
            "net_interest_income": null,
            "interest_income": null,
            "interest_expense": 164000000.0,
            "non_interest_income": null,
            "other_non_operating_income": null,
            "depreciation": null,
            "depreciation_and_amortization": 682000000.0,
            "income_before_tax": 128000000.0,
            "income_tax_expense": 103000000.0,
            "interest_and_debt_expense": null,
            "net_income_from_continuing_operations": null,
            "comprehensive_income_net_of_tax": null,
            "ebit": 298000000.0,
            "ebitda": 980000000.0,
            "net_income": 21000000.0
        },
        {
            "fiscal_date_ending": "2009-12-31",
            "reported_currency": "EUR",
            "gross_profit": 1991000000.0,
            "total_revenue": 13601000000.0,
            "cost_of_revenue": 11610000000.0,
            "cost_of_goods_and_services_sold": 11610000000.0,
            "operating_income": 237000000.0,
            "selling_general_and_administrative": null,
            "research_and_development": 429000000.0,
            "operating_expenses": 2161000000.0,
            "investment_income_net": null,
            "net_interest_income": null,
            "interest_income": null,
            "interest_expense": 218000000.0,
            "non_interest_income": null,
            "other_non_operating_income": null,
            "depreciation": null,
            "depreciation_and_amortization": 609000000.0,
            "income_before_tax": -119000000.0,
            "income_tax_expense": 164000000.0,
            "interest_and_debt_expense": null,
            "net_income_from_continuing_operations": null,
            "comprehensive_income_net_of_tax": null,
            "ebit": 237000000.0,
            "ebitda": 846000000.0,
            "net_income": -281000000.0
        },
        {
            "fiscal_date_ending": "2010-03-31",
            "reported_currency": "EUR",
            "gross_profit": 1832000000.0,
            "total_revenue": 12926000000.0,
            "cost_of_revenue": 11094000000.0,
            "cost_of_goods_and_services_sold": 11094000000.0,
            "operating_income": 409000000.0,
            "selling_general_and_administrative": null,
            "research_and_development": 338000000.0,
            "operating_expenses": 1453000000.0,
            "investment_income_net": null,
            "net_interest_income": null,
            "interest_income": null,
            "interest_expense": 250000000.0,
            "non_interest_income": null,
            "other_non_operating_income": null,
            "depreciation": null,
            "depreciation_and_amortization": 680000000.0,
            "income_before_tax": 157000000.0,
            "income_tax_expense": 178000000.0,
            "interest_and_debt_expense": null,
            "net_income_from_continuing_operations": null,
            "comprehensive_income_net_of_tax": null,
            "ebit": 409000000.0,
            "ebitda": 1089000000.0,
            "net_income": -25000000.0
        },
        {
            "fiscal_date_ending": "2010-06-30",
            "reported_currency": "EUR",
            "gross_profit": 2304000000.0,
            "total_revenue": 14836000000.0,
            "cost_of_revenue": 12532000000.0,
            "cost_of_goods_and_services_sold": 12532000000.0,
            "operating_income": 651000000.0,
            "selling_general_and_administrative": null,
            "research_and_development": 365000000.0,
            "operating_expenses": 1653000000.0,
            "investment_income_net": null,
            "net_interest_income": null,
            "interest_income": null,
            "interest_expense": 301000000.0,
            "non_interest_income": null,
            "other_non_operating_income": null,
            "depreciation": null,
            "depreciation_and_amortization": 717000000.0,
            "income_before_tax": 374000000.0,
            "income_tax_expense": 261000000.0,
            "interest_and_debt_expense": null,
            "net_income_from_continuing_operations": null,
            "comprehensive_income_net_of_tax": null,
            "ebit": 651000000.0,
            "ebitda": 1368000000.0,
            "net_income": 90000000.0
        },
        {
            "fiscal_date_ending": "2010-09-30",
            "reported_currency": "EUR",
            "gross_profit": 2092000000.0,
            "total_revenue": 13479000000.0,
            "cost_of_revenue": 11387000000.0,
            "cost_of_goods_and_services_sold": 11387000000.0,
            "operating_income": 586000000.0,
            "selling_general_and_administrative": null,
            "research_and_development": 349000000.0,
            "operating_expenses": 1506000000.0,
            "investment_income_net": null,
            "net_interest_income": null,
            "interest_income": null,
            "interest_expense": 181000000.0,
            "non_interest_income": null,
            "other_non_operating_income": null,
            "depreciation": null,
            "depreciation_and_amortization": 718000000.0,
            "income_before_tax": 435000000.0,
            "income_tax_expense": 245000000.0,
            "interest_and_debt_expense": null,
            "net_income_from_continuing_operations": null,
            "comprehensive_income_net_of_tax": null,
            "ebit": 586000000.0,
            "ebitda": 1304000000.0,
            "net_income": 170000000.0
        },
        {
            "fiscal_date_ending": "2010-12-31",
            "reported_currency": "EUR",
            "gross_profit": -1066000000.0,
            "total_revenue": -5361000000.0,
            "cost_of_revenue": -4295000000.0,
            "cost_of_goods_and_services_sold": -4295000000.0,
            "operating_income": 217000000.0,
            "selling_general_and_administrative": null,
            "research_and_development": 39000000.0,
            "operating_expenses": -564000000.0,
            "investment_income_net": null,
            "net_interest_income": null,
            "interest_income": null,
            "interest_expense": 362000000.0,
            "non_interest_income": null,
            "other_non_operating_income": null,
            "depreciation": null,
            "depreciation_and_amortization": 71000000.0,
            "income_before_tax": -260000000.0,
            "income_tax_expense": -200000000.0,
            "interest_and_debt_expense": null,
            "net_income_from_continuing_operations": null,
            "comprehensive_income_net_of_tax": null,
            "ebit": 217000000.0,
            "ebitda": 288000000.0,
            "net_income": 285000000.0
        },
        {
            "fiscal_date_ending": "2011-03-31",
            "reported_currency": "EUR",
            "gross_profit": 1301000000.0,
            "total_revenue": 9210000000.0,
            "cost_of_revenue": 7909000000.0,
            "cost_of_goods_and_services_sold": 7909000000.0,
            "operating_income": 295000000.0,
            "selling_general_and_administrative": null,
            "research_and_development": 278000000.0,
            "operating_expenses": 1050000000.0,
            "investment_income_net": null,
            "net_interest_income": null,
            "interest_income": null,
            "interest_expense": 138000000.0,
            "non_interest_income": null,
            "other_non_operating_income": null,
            "depreciation": null,
            "depreciation_and_amortization": 550000000.0,
            "income_before_tax": 153000000.0,
            "income_tax_expense": 116000000.0,
            "interest_and_debt_expense": null,
            "net_income_from_continuing_operations": null,
            "comprehensive_income_net_of_tax": null,
            "ebit": 295000000.0,
            "ebitda": 845000000.0,
            "net_income": 29000000.0
        },
        {
            "fiscal_date_ending": "2011-06-30",
            "reported_currency": "EUR",
            "gross_profit": 2002000000.0,
            "total_revenue": 13153000000.0,
            "cost_of_revenue": 11151000000.0,
            "cost_of_goods_and_services_sold": 11151000000.0,
            "operating_income": 1621000000.0,
            "selling_general_and_administrative": null,
            "research_and_development": 332000000.0,
            "operating_expenses": 1477000000.0,
            "investment_income_net": null,
            "net_interest_income": null,
            "interest_income": null,
            "interest_expense": 230000000.0,
            "non_interest_income": null,
            "other_non_operating_income": null,
            "depreciation": null,
            "depreciation_and_amortization": 735000000.0,
            "income_before_tax": 1361000000.0,
            "income_tax_expense": 124000000.0,
            "interest_and_debt_expense": null,
            "net_income_from_continuing_operations": null,
            "comprehensive_income_net_of_tax": null,
            "ebit": 1621000000.0,
            "ebitda": 2356000000.0,
            "net_income": 1308000000.0
        },
        {
            "fiscal_date_ending": "2011-09-30",
            "reported_currency": "EUR",
            "gross_profit": 2746000000.0,
            "total_revenue": 17552000000.0,
            "cost_of_revenue": 14806000000.0,
            "cost_of_goods_and_services_sold": 14806000000.0,
            "operating_income": 885000000.0,
            "selling_general_and_administrative": null,
            "research_and_development": 416000000.0,
            "operating_expenses": 1891000000.0,
            "investment_income_net": null,
            "net_interest_income": null,
            "interest_income": null,
            "interest_expense": null,
            "non_interest_income": null,
            "other_non_operating_income": null,
            "depreciation": null,
            "depreciation_and_amortization": 1023000000.0,
            "income_before_tax": 282000000.0,
            "income_tax_expense": 170000000.0,
            "interest_and_debt_expense": null,
            "net_income_from_continuing_operations": null,
            "comprehensive_income_net_of_tax": null,
            "ebit": 885000000.0,
            "ebitda": 1908000000.0,
            "net_income": -46000000.0
        },
        {
            "fiscal_date_ending": "2011-12-31",
            "reported_currency": "EUR",
            "gross_profit": 2806000000.0,
            "total_revenue": 19644000000.0,
            "cost_of_revenue": 16838000000.0,
            "cost_of_goods_and_services_sold": 16838000000.0,
            "operating_income": 112000000.0,
            "selling_general_and_administrative": null,
            "research_and_development": 341000000.0,
            "operating_expenses": 3138000000.0,
            "investment_income_net": null,
            "net_interest_income": null,
            "interest_income": null,
            "interest_expense": null,
            "non_interest_income": null,
            "other_non_operating_income": null,
            "depreciation": null,
            "depreciation_and_amortization": 1050000000.0,
            "income_before_tax": 389000000.0,
            "income_tax_expense": 124000000.0,
            "interest_and_debt_expense": null,
            "net_income_from_continuing_operations": null,
            "comprehensive_income_net_of_tax": null,
            "ebit": 112000000.0,
            "ebitda": 1162000000.0,
            "net_income": 43000000.0
        },
        {
            "fiscal_date_ending": "2012-03-31",
            "reported_currency": "EUR",
            "gross_profit": 2989000000.0,
            "total_revenue": 20221000000.0,
            "cost_of_revenue": 17232000000.0,
            "cost_of_goods_and_services_sold": 17232000000.0,
            "operating_income": 855000000.0,
            "selling_general_and_administrative": null,
            "research_and_development": 461000000.0,
            "operating_expenses": 2123000000.0,
            "investment_income_net": null,
            "net_interest_income": null,
            "interest_income": null,
            "interest_expense": null,
            "non_interest_income": null,
            "other_non_operating_income": null,
            "depreciation": null,
            "depreciation_and_amortization": 1034000000.0,
            "income_before_tax": 520000000.0,
            "income_tax_expense": 141000000.0,
            "interest_and_debt_expense": null,
            "net_income_from_continuing_operations": null,
            "comprehensive_income_net_of_tax": null,
            "ebit": 855000000.0,
            "ebitda": 1889000000.0,
            "net_income": 104000000.0
        },
        {
            "fiscal_date_ending": "2012-06-30",
            "reported_currency": "EUR",
            "gross_profit": 3121000000.0,
            "total_revenue": 21524000000.0,
            "cost_of_revenue": 18403000000.0,
            "cost_of_goods_and_services_sold": 18403000000.0,
            "operating_income": 1085000000.0,
            "selling_general_and_administrative": null,
            "research_and_development": 447000000.0,
            "operating_expenses": 2111000000.0,
            "investment_income_net": null,
            "net_interest_income": null,
            "interest_income": null,
            "interest_expense": 499000000.0,
            "non_interest_income": null,
            "other_non_operating_income": null,
            "depreciation": null,
            "depreciation_and_amortization": 1041000000.0,
            "income_before_tax": 532000000.0,
            "income_tax_expense": 174000000.0,
            "interest_and_debt_expense": null,
            "net_income_from_continuing_operations": null,
            "comprehensive_income_net_of_tax": null,
            "ebit": 1085000000.0,
            "ebitda": 2126000000.0,
            "net_income": 103000000.0
        },
        {
            "fiscal_date_ending": "2012-09-30",
            "reported_currency": "EUR",
            "gross_profit": 3123000000.0,
            "total_revenue": 20437000000.0,
            "cost_of_revenue": 17314000000.0,
            "cost_of_goods_and_services_sold": 17314000000.0,
            "operating_income": 862000000.0,
            "selling_general_and_administrative": null,
            "research_and_development": 467000000.0,
            "operating_expenses": 2252000000.0,
            "investment_income_net": null,
            "net_interest_income": null,
            "interest_income": null,
            "interest_expense": null,
            "non_interest_income": null,
            "other_non_operating_income": null,
            "depreciation": null,
            "depreciation_and_amortization": 1030000000.0,
            "income_before_tax": 481000000.0,
            "income_tax_expense": 195000000.0,
            "interest_and_debt_expense": null,
            "net_income_from_continuing_operations": null,
            "comprehensive_income_net_of_tax": null,
            "ebit": 862000000.0,
            "ebitda": 1892000000.0,
            "net_income": 39000000.0
        },
        {
            "fiscal_date_ending": "2012-12-31",
            "reported_currency": "EUR",
            "gross_profit": 3250000000.0,
            "total_revenue": 21775000000.0,
            "cost_of_revenue": 18525000000.0,
            "cost_of_goods_and_services_sold": 18525000000.0,
            "operating_income": 1440000000.0,
            "selling_general_and_administrative": null,
            "research_and_development": 460000000.0,
            "operating_expenses": 2183000000.0,
            "investment_income_net": null,
            "net_interest_income": null,
            "interest_income": null,
            "interest_expense": null,
            "non_interest_income": null,
            "other_non_operating_income": null,
            "depreciation": null,
            "depreciation_and_amortization": 1029000000.0,
            "income_before_tax": 503000000.0,
            "income_tax_expense": 115000000.0,
            "interest_and_debt_expense": null,
            "net_income_from_continuing_operations": null,
            "comprehensive_income_net_of_tax": null,
            "ebit": 1440000000.0,
            "ebitda": 2469000000.0,
            "net_income": 102000000.0
        },
        {
            "fiscal_date_ending": "2013-03-31",
            "reported_currency": "EUR",
            "gross_profit": 2733000000.0,
            "total_revenue": 19757000000.0,
            "cost_of_revenue": 17024000000.0,
            "cost_of_goods_and_services_sold": 17024000000.0,
            "operating_income": 694000000.0,
            "selling_general_and_administrative": null,
            "research_and_development": 486000000.0,
            "operating_expenses": 2115000000.0,
            "investment_income_net": null,
            "net_interest_income": null,
            "interest_income": null,
            "interest_expense": 494000000.0,
            "non_interest_income": null,
            "other_non_operating_income": null,
            "depreciation": null,
            "depreciation_and_amortization": 1051000000.0,
            "income_before_tax": 160000000.0,
            "income_tax_expense": 129000000.0,
            "interest_and_debt_expense": null,
            "net_income_from_continuing_operations": null,
            "comprehensive_income_net_of_tax": null,
            "ebit": 694000000.0,
            "ebitda": 1745000000.0,
            "net_income": -83000000.0
        },
        {
            "fiscal_date_ending": "2013-06-30",
            "reported_currency": "EUR",
            "gross_profit": 3260000000.0,
            "total_revenue": 22325000000.0,
            "cost_of_revenue": 19065000000.0,
            "cost_of_goods_and_services_sold": 19065000000.0,
            "operating_income": 1008000000.0,
            "selling_general_and_administrative": null,
            "research_and_development": 570000000.0,
            "operating_expenses": 2231000000.0,
            "investment_income_net": null,
            "net_interest_income": null,
            "interest_income": null,
            "interest_expense": 502000000.0,
            "non_interest_income": null,
            "other_non_operating_income": null,
            "depreciation": null,
            "depreciation_and_amortization": 1142000000.0,
            "income_before_tax": 555000000.0,
            "income_tax_expense": 120000000.0,
            "interest_and_debt_expense": null,
            "net_income_from_continuing_operations": null,
            "comprehensive_income_net_of_tax": null,
            "ebit": 1008000000.0,
            "ebitda": 2150000000.0,
            "net_income": 142000000.0
        },
        {
            "fiscal_date_ending": "2013-09-30",
            "reported_currency": "EUR",
            "gross_profit": 2929000000.0,
            "total_revenue": 20733000000.0,
            "cost_of_revenue": 17804000000.0,
            "cost_of_goods_and_services_sold": 17804000000.0,
            "operating_income": 817000000.0,
            "selling_general_and_administrative": null,
            "research_and_development": 555000000.0,
            "operating_expenses": 2113000000.0,
            "investment_income_net": null,
            "net_interest_income": null,
            "interest_income": null,
            "interest_expense": 489000000.0,
            "non_interest_income": null,
            "other_non_operating_income": null,
            "depreciation": null,
            "depreciation_and_amortization": 1153000000.0,
            "income_before_tax": 367000000.0,
            "income_tax_expense": 178000000.0,
            "interest_and_debt_expense": null,
            "net_income_from_continuing_operations": null,
            "comprehensive_income_net_of_tax": null,
            "ebit": 817000000.0,
            "ebitda": 1970000000.0,
            "net_income": -15000000.0
        },
        {
            "fiscal_date_ending": "2013-12-31",
            "reported_currency": "EUR",
            "gross_profit": 3324000000.0,
            "total_revenue": 24001000000.0,
            "cost_of_revenue": 20677000000.0,
            "cost_of_goods_and_services_sold": 20677000000.0,
            "operating_income": 1202000000.0,
            "selling_general_and_administrative": null,
            "research_and_development": 620000000.0,
            "operating_expenses": 2393000000.0,
            "investment_income_net": null,
            "net_interest_income": null,
            "interest_income": null,
            "interest_expense": 734000000.0,
            "non_interest_income": null,
            "other_non_operating_income": null,
            "depreciation": null,
            "depreciation_and_amortization": 1228000000.0,
            "income_before_tax": -74000000.0,
            "income_tax_expense": -1370000000.0,
            "interest_and_debt_expense": null,
            "net_income_from_continuing_operations": null,
            "comprehensive_income_net_of_tax": null,
            "ebit": 1202000000.0,
            "ebitda": 2430000000.0,
            "net_income": 860000000.0
        },
        {
            "fiscal_date_ending": "2014-03-31",
            "reported_currency": "EUR",
            "gross_profit": 2888000000.0,
            "total_revenue": 22125000000.0,
            "cost_of_revenue": 19237000000.0,
            "cost_of_goods_and_services_sold": 19237000000.0,
            "operating_income": 1221000000.0,
            "selling_general_and_administrative": null,
            "research_and_development": 626000000.0,
            "operating_expenses": 2266000000.0,
            "investment_income_net": null,
            "net_interest_income": null,
            "interest_income": null,
            "interest_expense": 493000000.0,
            "non_interest_income": null,
            "other_non_operating_income": null,
            "depreciation": null,
            "depreciation_and_amortization": 1168000000.0,
            "income_before_tax": -446000000.0,
            "income_tax_expense": -127000000.0,
            "interest_and_debt_expense": null,
            "net_income_from_continuing_operations": null,
            "comprehensive_income_net_of_tax": null,
            "ebit": 1221000000.0,
            "ebitda": 2389000000.0,
            "net_income": -335000000.0
        },
        {
            "fiscal_date_ending": "2014-06-30",
            "reported_currency": "EUR",
            "gross_profit": 3227000000.0,
            "total_revenue": 23328000000.0,
            "cost_of_revenue": 20101000000.0,
            "cost_of_goods_and_services_sold": 20101000000.0,
            "operating_income": 1004000000.0,
            "selling_general_and_administrative": null,
            "research_and_development": 601000000.0,
            "operating_expenses": 2306000000.0,
            "investment_income_net": null,
            "net_interest_income": null,
            "interest_income": null,
            "interest_expense": 561000000.0,
            "non_interest_income": null,
            "other_non_operating_income": null,
            "depreciation": null,
            "depreciation_and_amortization": 1191000000.0,
            "income_before_tax": 455000000.0,
            "income_tax_expense": 258000000.0,
            "interest_and_debt_expense": null,
            "net_income_from_continuing_operations": null,
            "comprehensive_income_net_of_tax": null,
            "ebit": 1004000000.0,
            "ebitda": 2195000000.0,
            "net_income": 175000000.0
        },
        {
            "fiscal_date_ending": "2014-09-30",
            "reported_currency": "EUR",
            "gross_profit": 3197000000.0,
            "total_revenue": 23553000000.0,
            "cost_of_revenue": 20356000000.0,
            "cost_of_goods_and_services_sold": 20356000000.0,
            "operating_income": 1526000000.0,
            "selling_general_and_administrative": null,
            "research_and_development": 598000000.0,
            "operating_expenses": 2271000000.0,
            "investment_income_net": null,
            "net_interest_income": null,
            "interest_income": null,
            "interest_expense": null,
            "non_interest_income": null,
            "other_non_operating_income": null,
            "depreciation": null,
            "depreciation_and_amortization": 1240000000.0,
            "income_before_tax": 415000000.0,
            "income_tax_expense": 227000000.0,
            "interest_and_debt_expense": null,
            "net_income_from_continuing_operations": null,
            "comprehensive_income_net_of_tax": null,
            "ebit": 1526000000.0,
            "ebitda": 2766000000.0,
            "net_income": 174000000.0
        },
        {
            "fiscal_date_ending": "2014-12-31",
            "reported_currency": "EUR",
            "gross_profit": 3632000000.0,
            "total_revenue": 27084000000.0,
            "cost_of_revenue": 23452000000.0,
            "cost_of_goods_and_services_sold": 23452000000.0,
            "operating_income": -673000000.0,
            "selling_general_and_administrative": null,
            "research_and_development": 712000000.0,
            "operating_expenses": 2581000000.0,
            "investment_income_net": null,
            "net_interest_income": null,
            "interest_income": null,
            "interest_expense": 1054000000.0,
            "non_interest_income": null,
            "other_non_operating_income": null,
            "depreciation": null,
            "depreciation_and_amortization": 1298000000.0,
            "income_before_tax": 529000000.0,
            "income_tax_expense": 109000000.0,
            "interest_and_debt_expense": null,
            "net_income_from_continuing_operations": null,
            "comprehensive_income_net_of_tax": null,
            "ebit": -673000000.0,
            "ebitda": 625000000.0,
            "net_income": 408000000.0
        },
        {
            "fiscal_date_ending": "2015-03-31",
            "reported_currency": "EUR",
            "gross_profit": 3417000000.0,
            "total_revenue": 26396000000.0,
            "cost_of_revenue": 22979000000.0,
            "cost_of_goods_and_services_sold": 22979000000.0,
            "operating_income": 847000000.0,
            "selling_general_and_administrative": null,
            "research_and_development": 727000000.0,
            "operating_expenses": 2671000000.0,
            "investment_income_net": null,
            "net_interest_income": null,
            "interest_income": null,
            "interest_expense": 663000000.0,
            "non_interest_income": null,
            "other_non_operating_income": null,
            "depreciation": null,
            "depreciation_and_amortization": 1397000000.0,
            "income_before_tax": 186000000.0,
            "income_tax_expense": 94000000.0,
            "interest_and_debt_expense": null,
            "net_income_from_continuing_operations": null,
            "comprehensive_income_net_of_tax": null,
            "ebit": 847000000.0,
            "ebitda": 2244000000.0,
            "net_income": 78000000.0
        },
        {
            "fiscal_date_ending": "2015-06-30",
            "reported_currency": "EUR",
            "gross_profit": 4149000000.0,
            "total_revenue": 29228000000.0,
            "cost_of_revenue": 25079000000.0,
            "cost_of_goods_and_services_sold": 25079000000.0,
            "operating_income": 2015000000.0,
            "selling_general_and_administrative": null,
            "research_and_development": 732000000.0,
            "operating_expenses": 2838000000.0,
            "investment_income_net": null,
            "net_interest_income": null,
            "interest_income": null,
            "interest_expense": null,
            "non_interest_income": null,
            "other_non_operating_income": null,
            "depreciation": null,
            "depreciation_and_amortization": 1425000000.0,
            "income_before_tax": 721000000.0,
            "income_tax_expense": 388000000.0,
            "interest_and_debt_expense": null,
            "net_income_from_continuing_operations": null,
            "comprehensive_income_net_of_tax": null,
            "ebit": 2015000000.0,
            "ebitda": 3440000000.0,
            "net_income": 320000000.0
        },
        {
            "fiscal_date_ending": "2015-09-30",
            "reported_currency": "EUR",
            "gross_profit": 2975000000.0,
            "total_revenue": 27468000000.0,
            "cost_of_revenue": 24493000000.0,
            "cost_of_goods_and_services_sold": 24493000000.0,
            "operating_income": 336000000.0,
            "selling_general_and_administrative": null,
            "research_and_development": 749000000.0,
            "operating_expenses": 2627000000.0,
            "investment_income_net": null,
            "net_interest_income": null,
            "interest_income": null,
            "interest_expense": 620000000.0,
            "non_interest_income": null,
            "other_non_operating_income": null,
            "depreciation": null,
            "depreciation_and_amortization": 1423000000.0,
            "income_before_tax": -260000000.0,
            "income_tax_expense": 39000000.0,
            "interest_and_debt_expense": null,
            "net_income_from_continuing_operations": null,
            "comprehensive_income_net_of_tax": null,
            "ebit": 336000000.0,
            "ebitda": 1759000000.0,
            "net_income": -306000000.0
        },
        {
            "fiscal_date_ending": "2015-12-31",
            "reported_currency": "EUR",
            "gross_profit": 2434000000.0,
            "total_revenue": 27503000000.0,
            "cost_of_revenue": 25069000000.0,
            "cost_of_goods_and_services_sold": 25069000000.0,
            "operating_income": 720000000.0,
            "selling_general_and_administrative": null,
            "research_and_development": 656000000.0,
            "operating_expenses": 2304000000.0,
            "investment_income_net": null,
            "net_interest_income": null,
            "interest_income": null,
            "interest_expense": 878000000.0,
            "non_interest_income": null,
            "other_non_operating_income": null,
            "depreciation": null,
            "depreciation_and_amortization": 1169000000.0,
            "income_before_tax": -388000000.0,
            "income_tax_expense": -355000000.0,
            "interest_and_debt_expense": null,
            "net_income_from_continuing_operations": null,
            "comprehensive_income_net_of_tax": null,
            "ebit": 720000000.0,
            "ebitda": 1889000000.0,
            "net_income": 242000000.0
        },
        {
            "fiscal_date_ending": "2016-03-31",
            "reported_currency": "EUR",
            "gross_profit": 3767000000.0,
            "total_revenue": 26570000000.0,
            "cost_of_revenue": 22803000000.0,
            "cost_of_goods_and_services_sold": 22803000000.0,
            "operating_income": 1302000000.0,
            "selling_general_and_administrative": null,
            "research_and_development": 759000000.0,
            "operating_expenses": 2515000000.0,
            "investment_income_net": null,
            "net_interest_income": null,
            "interest_income": null,
            "interest_expense": 480000000.0,
            "non_interest_income": null,
            "other_non_operating_income": null,
            "depreciation": null,
            "depreciation_and_amortization": 1417000000.0,
            "income_before_tax": 795000000.0,
            "income_tax_expense": 317000000.0,
            "interest_and_debt_expense": null,
            "net_income_from_continuing_operations": null,
            "comprehensive_income_net_of_tax": null,
            "ebit": 1302000000.0,
            "ebitda": 2719000000.0,
            "net_income": 472000000.0
        },
        {
            "fiscal_date_ending": "2016-06-30",
            "reported_currency": "EUR",
            "gross_profit": 3739000000.0,
            "total_revenue": 27893000000.0,
            "cost_of_revenue": 24154000000.0,
            "cost_of_goods_and_services_sold": 24154000000.0,
            "operating_income": 1086000000.0,
            "selling_general_and_administrative": null,
            "research_and_development": 806000000.0,
            "operating_expenses": 2703000000.0,
            "investment_income_net": null,
            "net_interest_income": null,
            "interest_income": null,
            "interest_expense": 412000000.0,
            "non_interest_income": null,
            "other_non_operating_income": null,
            "depreciation": null,
            "depreciation_and_amortization": 1549000000.0,
            "income_before_tax": 569000000.0,
            "income_tax_expense": 248000000.0,
            "interest_and_debt_expense": null,
            "net_income_from_continuing_operations": null,
            "comprehensive_income_net_of_tax": null,
            "ebit": 1086000000.0,
            "ebitda": 2635000000.0,
            "net_income": 311000000.0
        },
        {
            "fiscal_date_ending": "2016-09-30",
            "reported_currency": "EUR",
            "gross_profit": 3865000000.0,
            "total_revenue": 26836000000.0,
            "cost_of_revenue": 22971000000.0,
            "cost_of_goods_and_services_sold": 22971000000.0,
            "operating_income": 1309000000.0,
            "selling_general_and_administrative": null,
            "research_and_development": 789000000.0,
            "operating_expenses": 2613000000.0,
            "investment_income_net": null,
            "net_interest_income": null,
            "interest_income": null,
            "interest_expense": 492000000.0,
            "non_interest_income": null,
            "other_non_operating_income": null,
            "depreciation": null,
            "depreciation_and_amortization": 1496000000.0,
            "income_before_tax": 813000000.0,
            "income_tax_expense": 207000000.0,
            "interest_and_debt_expense": null,
            "net_income_from_continuing_operations": null,
            "comprehensive_income_net_of_tax": null,
            "ebit": 1309000000.0,
            "ebitda": 2805000000.0,
            "net_income": 608000000.0
        },
        {
            "fiscal_date_ending": "2016-12-31",
            "reported_currency": "EUR",
            "gross_profit": 4352000000.0,
            "total_revenue": 29719000000.0,
            "cost_of_revenue": 25367000000.0,
            "cost_of_goods_and_services_sold": 25367000000.0,
            "operating_income": 1444000000.0,
            "selling_general_and_administrative": null,
            "research_and_development": 920000000.0,
            "operating_expenses": 3011000000.0,
            "investment_income_net": null,
            "net_interest_income": null,
            "interest_income": null,
            "interest_expense": 185000000.0,
            "non_interest_income": null,
            "other_non_operating_income": null,
            "depreciation": null,
            "depreciation_and_amortization": 1494000000.0,
            "income_before_tax": 929000000.0,
            "income_tax_expense": 520000000.0,
            "interest_and_debt_expense": null,
            "net_income_from_continuing_operations": null,
            "comprehensive_income_net_of_tax": null,
            "ebit": 1444000000.0,
            "ebitda": 2938000000.0,
            "net_income": 412000000.0
        },
        {
            "fiscal_date_ending": "2017-03-31",
            "reported_currency": "EUR",
            "gross_profit": 4131000000.0,
            "total_revenue": 27719000000.0,
            "cost_of_revenue": 23588000000.0,
            "cost_of_goods_and_services_sold": 23588000000.0,
            "operating_income": 1490000000.0,
            "selling_general_and_administrative": null,
            "research_and_development": 846000000.0,
            "operating_expenses": 2687000000.0,
            "investment_income_net": null,
            "net_interest_income": null,
            "interest_income": null,
            "interest_expense": 416000000.0,
            "non_interest_income": null,
            "other_non_operating_income": null,
            "depreciation": null,
            "depreciation_and_amortization": 1600000000.0,
            "income_before_tax": 1069000000.0,
            "income_tax_expense": 428000000.0,
            "interest_and_debt_expense": null,
            "net_income_from_continuing_operations": null,
            "comprehensive_income_net_of_tax": null,
            "ebit": 1490000000.0,
            "ebitda": 3090000000.0,
            "net_income": 637000000.0
        },
        {
            "fiscal_date_ending": "2017-06-30",
            "reported_currency": "EUR",
            "gross_profit": 4430000000.0,
            "total_revenue": 27925000000.0,
            "cost_of_revenue": 23495000000.0,
            "cost_of_goods_and_services_sold": 23495000000.0,
            "operating_income": 2612000000.0,
            "selling_general_and_administrative": null,
            "research_and_development": 854000000.0,
            "operating_expenses": 1865000000.0,
            "investment_income_net": null,
            "net_interest_income": null,
            "interest_income": null,
            "interest_expense": 368000000.0,
            "non_interest_income": null,
            "other_non_operating_income": null,
            "depreciation": null,
            "depreciation_and_amortization": 1513000000.0,
            "income_before_tax": 2307000000.0,
            "income_tax_expense": 1152000000.0,
            "interest_and_debt_expense": null,
            "net_income_from_continuing_operations": null,
            "comprehensive_income_net_of_tax": null,
            "ebit": 2612000000.0,
            "ebitda": 4125000000.0,
            "net_income": 1145000000.0
        },
        {
            "fiscal_date_ending": "2017-09-30",
            "reported_currency": "EUR",
            "gross_profit": 4134000000.0,
            "total_revenue": 26414000000.0,
            "cost_of_revenue": 22280000000.0,
            "cost_of_goods_and_services_sold": 22280000000.0,
            "operating_income": 1679000000.0,
            "selling_general_and_administrative": null,
            "research_and_development": 781000000.0,
            "operating_expenses": 2493000000.0,
            "investment_income_net": null,
            "net_interest_income": null,
            "interest_income": null,
            "interest_expense": 315000000.0,
            "non_interest_income": null,
            "other_non_operating_income": null,
            "depreciation": null,
            "depreciation_and_amortization": 1411000000.0,
            "income_before_tax": 1440000000.0,
            "income_tax_expense": 530000000.0,
            "interest_and_debt_expense": null,
            "net_income_from_continuing_operations": null,
            "comprehensive_income_net_of_tax": null,
            "ebit": 1679000000.0,
            "ebitda": 3090000000.0,
            "net_income": 911000000.0
        },
        {
            "fiscal_date_ending": "2017-12-31",
            "reported_currency": "EUR",
            "gross_profit": 4264000000.0,
            "total_revenue": 28876000000.0,
            "cost_of_revenue": 24612000000.0,
            "cost_of_goods_and_services_sold": 24612000000.0,
            "operating_income": 1861000000.0,
            "selling_general_and_administrative": null,
            "research_and_development": 749000000.0,
            "operating_expenses": 2675000000.0,
            "investment_income_net": null,
            "net_interest_income": null,
            "interest_income": null,
            "interest_expense": 147000000.0,
            "non_interest_income": null,
            "other_non_operating_income": null,
            "depreciation": null,
            "depreciation_and_amortization": 1366000000.0,
            "income_before_tax": 1345000000.0,
            "income_tax_expense": 541000000.0,
            "interest_and_debt_expense": null,
            "net_income_from_continuing_operations": null,
            "comprehensive_income_net_of_tax": null,
            "ebit": 1861000000.0,
            "ebitda": 3227000000.0,
            "net_income": 798000000.0
        },
        {
            "fiscal_date_ending": "2018-03-31",
            "reported_currency": "EUR",
            "gross_profit": 3970000000.0,
            "total_revenue": 27027000000.0,
            "cost_of_revenue": 23057000000.0,
            "cost_of_goods_and_services_sold": 23057000000.0,
            "operating_income": 1523000000.0,
            "selling_general_and_administrative": null,
            "research_and_development": 874000000.0,
            "operating_expenses": 2498000000.0,
            "investment_income_net": null,
            "net_interest_income": null,
            "interest_income": null,
            "interest_expense": 304000000.0,
            "non_interest_income": null,
            "other_non_operating_income": null,
            "depreciation": null,
            "depreciation_and_amortization": 1545000000.0,
            "income_before_tax": 1247000000.0,
            "income_tax_expense": 226000000.0,
            "interest_and_debt_expense": null,
            "net_income_from_continuing_operations": null,
            "comprehensive_income_net_of_tax": null,
            "ebit": 1523000000.0,
            "ebitda": 3068000000.0,
            "net_income": 1016000000.0
        },
        {
            "fiscal_date_ending": "2018-06-30",
            "reported_currency": "EUR",
            "gross_profit": 4021000000.0,
            "total_revenue": 28993000000.0,
            "cost_of_revenue": 24972000000.0,
            "cost_of_goods_and_services_sold": 24972000000.0,
            "operating_income": 1413000000.0,
            "selling_general_and_administrative": null,
            "research_and_development": 850000000.0,
            "operating_expenses": 2652000000.0,
            "investment_income_net": null,
            "net_interest_income": null,
            "interest_income": null,
            "interest_expense": 300000000.0,
            "non_interest_income": null,
            "other_non_operating_income": null,
            "depreciation": null,
            "depreciation_and_amortization": 1491000000.0,
            "income_before_tax": 1149000000.0,
            "income_tax_expense": 395000000.0,
            "interest_and_debt_expense": null,
            "net_income_from_continuing_operations": null,
            "comprehensive_income_net_of_tax": null,
            "ebit": 1413000000.0,
            "ebitda": 2904000000.0,
            "net_income": 748000000.0
        },
        {
            "fiscal_date_ending": "2018-09-30",
            "reported_currency": "EUR",
            "gross_profit": 4010000000.0,
            "total_revenue": 27594000000.0,
            "cost_of_revenue": 23584000000.0,
            "cost_of_goods_and_services_sold": 23584000000.0,
            "operating_income": 1077000000.0,
            "selling_general_and_administrative": null,
            "research_and_development": 705000000.0,
            "operating_expenses": 2996000000.0,
            "investment_income_net": null,
            "net_interest_income": null,
            "interest_income": null,
            "interest_expense": 278000000.0,
            "non_interest_income": null,
            "other_non_operating_income": null,
            "depreciation": null,
            "depreciation_and_amortization": 1139000000.0,
            "income_before_tax": 791000000.0,
            "income_tax_expense": 277000000.0,
            "interest_and_debt_expense": null,
            "net_income_from_continuing_operations": null,
            "comprehensive_income_net_of_tax": null,
            "ebit": 1077000000.0,
            "ebitda": 2216000000.0,
            "net_income": 557000000.0
        },
        {
            "fiscal_date_ending": "2018-12-31",
            "reported_currency": "EUR",
            "gross_profit": 3891000000.0,
            "total_revenue": 29474000000.0,
            "cost_of_revenue": 25583000000.0,
            "cost_of_goods_and_services_sold": 25583000000.0,
            "operating_income": 1441000000.0,
            "selling_general_and_administrative": null,
            "research_and_development": 802000000.0,
            "operating_expenses": 2512000000.0,
            "investment_income_net": null,
            "net_interest_income": null,
            "interest_income": null,
            "interest_expense": 97000000.0,
            "non_interest_income": null,
            "other_non_operating_income": null,
            "depreciation": null,
            "depreciation_and_amortization": 1332000000.0,
            "income_before_tax": 1081000000.0,
            "income_tax_expense": -90000000.0,
            "interest_and_debt_expense": null,
            "net_income_from_continuing_operations": null,
            "comprehensive_income_net_of_tax": null,
            "ebit": 1441000000.0,
            "ebitda": 2773000000.0,
            "net_income": 1287000000.0
        },
        {
            "fiscal_date_ending": "2019-03-31",
            "reported_currency": "EUR",
            "gross_profit": 3300000000.0,
            "total_revenue": 24481000000.0,
            "cost_of_revenue": 21181000000.0,
            "cost_of_goods_and_services_sold": 21181000000.0,
            "operating_income": 1160000000.0,
            "selling_general_and_administrative": null,
            "research_and_development": 673000000.0,
            "operating_expenses": 2190000000.0,
            "investment_income_net": null,
            "net_interest_income": null,
            "interest_income": null,
            "interest_expense": 301000000.0,
            "non_interest_income": null,
            "other_non_operating_income": null,
            "depreciation": null,
            "depreciation_and_amortization": 1383000000.0,
            "income_before_tax": 720000000.0,
            "income_tax_expense": 212000000.0,
            "interest_and_debt_expense": null,
            "net_income_from_continuing_operations": null,
            "comprehensive_income_net_of_tax": null,
            "ebit": 1160000000.0,
            "ebitda": 2543000000.0,
            "net_income": 615000000.0
        },
        {
            "fiscal_date_ending": "2019-06-30",
            "reported_currency": "EUR",
            "gross_profit": 3652000000.0,
            "total_revenue": 26741000000.0,
            "cost_of_revenue": 23089000000.0,
            "cost_of_goods_and_services_sold": 23089000000.0,
            "operating_income": 1371000000.0,
            "selling_general_and_administrative": null,
            "research_and_development": 782000000.0,
            "operating_expenses": 2355000000.0,
            "investment_income_net": null,
            "net_interest_income": null,
            "interest_income": null,
            "interest_expense": 298000000.0,
            "non_interest_income": null,
            "other_non_operating_income": null,
            "depreciation": null,
            "depreciation_and_amortization": 1358000000.0,
            "income_before_tax": 1110000000.0,
            "income_tax_expense": 317000000.0,
            "interest_and_debt_expense": null,
            "net_income_from_continuing_operations": null,
            "comprehensive_income_net_of_tax": null,
            "ebit": 1371000000.0,
            "ebitda": 2729000000.0,
            "net_income": 4650000000.0
        },
        {
            "fiscal_date_ending": "2019-09-30",
            "reported_currency": "EUR",
            "gross_profit": 3554000000.0,
            "total_revenue": 27322000000.0,
            "cost_of_revenue": 23768000000.0,
            "cost_of_goods_and_services_sold": 23768000000.0,
            "operating_income": 564000000.0,
            "selling_general_and_administrative": null,
            "research_and_development": 1456000000.0,
            "operating_expenses": 3057000000.0,
            "investment_income_net": null,
            "net_interest_income": null,
            "interest_income": null,
            "interest_expense": 300000000.0,
            "non_interest_income": null,
            "other_non_operating_income": null,
            "depreciation": null,
            "depreciation_and_amortization": 1339000000.0,
            "income_before_tax": 261000000.0,
            "income_tax_expense": 440000000.0,
            "interest_and_debt_expense": null,
            "net_income_from_continuing_operations": null,
            "comprehensive_income_net_of_tax": null,
            "ebit": 564000000.0,
            "ebitda": 1903000000.0,
            "net_income": -179000000.0
        },
        {
            "fiscal_date_ending": "2019-12-31",
            "reported_currency": "EUR",
            "gross_profit": 4517000000.0,
            "total_revenue": 29643000000.0,
            "cost_of_revenue": 25126000000.0,
            "cost_of_goods_and_services_sold": 25126000000.0,
            "operating_income": 2097000000.0,
            "selling_general_and_administrative": 1764000000.0,
            "research_and_development": 701000000.0,
            "operating_expenses": 2465000000.0,
            "investment_income_net": null,
            "net_interest_income": -201000000.0,
            "interest_income": 70000000.0,
            "interest_expense": 38000000.0,
            "non_interest_income": null,
            "other_non_operating_income": null,
            "depreciation": null,
            "depreciation_and_amortization": 1365000000.0,
            "income_before_tax": 1930000000.0,
            "income_tax_expense": 352000000.0,
            "interest_and_debt_expense": null,
            "net_income_from_continuing_operations": 1578000000.0,
            "comprehensive_income_net_of_tax": null,
            "ebit": 2097000000.0,
            "ebitda": 3462000000.0,
            "net_income": 1536000000.0
        },
        {
            "fiscal_date_ending": "2020-03-31",
            "reported_currency": "EUR",
            "gross_profit": 1689000000.0,
            "total_revenue": 20567000000.0,
            "cost_of_revenue": 18878000000.0,
            "cost_of_goods_and_services_sold": 18878000000.0,
            "operating_income": -642000000.0,
            "selling_general_and_administrative": 1439000000.0,
            "research_and_development": 933000000.0,
            "operating_expenses": 2372000000.0,
            "investment_income_net": null,
            "net_interest_income": -158000000.0,
            "interest_income": 41000000.0,
            "interest_expense": 199000000.0,
            "non_interest_income": null,
            "other_non_operating_income": null,
            "depreciation": null,
            "depreciation_and_amortization": 1335000000.0,
            "income_before_tax": -869000000.0,
            "income_tax_expense": 825000000.0,
            "interest_and_debt_expense": null,
            "net_income_from_continuing_operations": -1694000000.0,
            "comprehensive_income_net_of_tax": null,
            "ebit": -642000000.0,
            "ebitda": 693000000.0,
            "net_income": -1696000000.0
        },
        {
            "fiscal_date_ending": "2020-06-30",
            "reported_currency": "EUR",
            "gross_profit": 664000000.0,
            "total_revenue": 11707000000.0,
            "cost_of_revenue": 11043000000.0,
            "cost_of_goods_and_services_sold": 11043000000.0,
            "operating_income": -930000000.0,
            "selling_general_and_administrative": 1041000000.0,
            "research_and_development": 576000000.0,
            "operating_expenses": 1617000000.0,
            "investment_income_net": null,
            "net_interest_income": -167000000.0,
            "interest_income": 23000000.0,
            "interest_expense": 190000000.0,
            "non_interest_income": null,
            "other_non_operating_income": null,
            "depreciation": null,
            "depreciation_and_amortization": 1270000000.0,
            "income_before_tax": -1183000000.0,
            "income_tax_expense": -135000000.0,
            "interest_and_debt_expense": null,
            "net_income_from_continuing_operations": -1048000000.0,
            "comprehensive_income_net_of_tax": null,
            "ebit": -930000000.0,
            "ebitda": 340000000.0,
            "net_income": -1038000000.0
        },
        {
            "fiscal_date_ending": "2020-09-30",
            "reported_currency": "EUR",
            "gross_profit": 4099000000.0,
            "total_revenue": 25814000000.0,
            "cost_of_revenue": 21715000000.0,
            "cost_of_goods_and_services_sold": 21715000000.0,
            "operating_income": 1888000000.0,
            "selling_general_and_administrative": 1527000000.0,
            "research_and_development": 670000000.0,
            "operating_expenses": 2197000000.0,
            "investment_income_net": null,
            "net_interest_income": -286000000.0,
            "interest_income": 25000000.0,
            "interest_expense": 272000000.0,
            "non_interest_income": null,
            "other_non_operating_income": null,
            "depreciation": null,
            "depreciation_and_amortization": 1242000000.0,
            "income_before_tax": 1640000000.0,
            "income_tax_expense": 435000000.0,
            "interest_and_debt_expense": null,
            "net_income_from_continuing_operations": 1205000000.0,
            "comprehensive_income_net_of_tax": null,
            "ebit": 1888000000.0,
            "ebitda": 3130000000.0,
            "net_income": 1198000000.0
        },
        {
            "fiscal_date_ending": "2020-12-31",
            "reported_currency": "EUR",
            "gross_profit": 4262000000.0,
            "total_revenue": 28588000000.0,
            "cost_of_revenue": 24326000000.0,
            "cost_of_goods_and_services_sold": 24326000000.0,
            "operating_income": 2250000000.0,
            "selling_general_and_administrative": 1494000000.0,
            "research_and_development": 800000000.0,
            "operating_expenses": 2294000000.0,
            "investment_income_net": null,
            "net_interest_income": -83000000.0,
            "interest_income": 28000000.0,
            "interest_expense": 181000000.0,
            "non_interest_income": null,
            "other_non_operating_income": null,
            "depreciation": null,
            "depreciation_and_amortization": 1296000000.0,
            "income_before_tax": 1768000000.0,
            "income_tax_expense": 207000000.0,
            "interest_and_debt_expense": null,
            "net_income_from_continuing_operations": 1561000000.0,
            "comprehensive_income_net_of_tax": null,
            "ebit": 2250000000.0,
            "ebitda": 3546000000.0,
            "net_income": 1565000000.0
        },
        {
            "fiscal_date_ending": "2021-03-31",
            "reported_currency": "EUR",
            "gross_profit": null,
            "total_revenue": null,
            "cost_of_revenue": null,
            "cost_of_goods_and_services_sold": null,
            "operating_income": null,
            "selling_general_and_administrative": null,
            "research_and_development": null,
            "operating_expenses": null,
            "investment_income_net": null,
            "net_interest_income": null,
            "interest_income": null,
            "interest_expense": null,
            "non_interest_income": null,
            "other_non_operating_income": null,
            "depreciation": null,
            "depreciation_and_amortization": null,
            "income_before_tax": null,
            "income_tax_expense": 864500000.0,
            "interest_and_debt_expense": null,
            "net_income_from_continuing_operations": null,
            "comprehensive_income_net_of_tax": null,
            "ebit": 3817000000.0,
            "ebitda": null,
            "net_income": null
        },
        {
            "fiscal_date_ending": "2021-06-30",
            "reported_currency": "EUR",
            "gross_profit": 14309000000.0,
            "total_revenue": 72610000000.0,
            "cost_of_revenue": 58301000000.0,
            "cost_of_goods_and_services_sold": 58301000000.0,
            "operating_income": 7713000000.0,
            "selling_general_and_administrative": null,
            "research_and_development": 2046000000.0,
            "operating_expenses": 6596000000.0,
            "investment_income_net": null,
            "net_interest_income": null,
            "interest_income": null,
            "interest_expense": 77680265.0,
            "non_interest_income": null,
            "other_non_operating_income": null,
            "depreciation": null,
            "depreciation_and_amortization": 2647000000.0,
            "income_before_tax": 7127000000.0,
            "income_tax_expense": 1729000000.0,
            "interest_and_debt_expense": null,
            "net_income_from_continuing_operations": null,
            "comprehensive_income_net_of_tax": null,
            "ebit": 7713000000.0,
            "ebitda": 10360000000.0,
            "net_income": 6780000000.0
        },
        {
            "fiscal_date_ending": "2021-09-30",
            "reported_currency": "EUR",
            "gross_profit": 7652000000.0,
            "total_revenue": 38404500000.0,
            "cost_of_revenue": 30752500000.0,
            "cost_of_goods_and_services_sold": 30752500000.0,
            "operating_income": 4172000000.0,
            "selling_general_and_administrative": null,
            "research_and_development": 1220500000.0,
            "operating_expenses": 3711000000.0,
            "investment_income_net": null,
            "net_interest_income": null,
            "interest_income": null,
            "interest_expense": 163307852.0,
            "non_interest_income": null,
            "other_non_operating_income": null,
            "depreciation": null,
            "depreciation_and_amortization": 931000000.0,
            "income_before_tax": 3800000000.0,
            "income_tax_expense": 91000000.0,
            "interest_and_debt_expense": null,
            "net_income_from_continuing_operations": null,
            "comprehensive_income_net_of_tax": null,
            "ebit": 4172000000.0,
            "ebitda": 5103000000.0,
            "net_income": 3710000000.0
        },
        {
            "fiscal_date_ending": "2021-12-31",
            "reported_currency": "EUR",
            "gross_profit": 15167000000.0,
            "total_revenue": 76809000000.0,
            "cost_of_revenue": 61642000000.0,
            "cost_of_goods_and_services_sold": 61642000000.0,
            "operating_income": 8146000000.0,
            "selling_general_and_administrative": null,
            "research_and_development": 2441000000.0,
            "operating_expenses": 7021000000.0,
            "investment_income_net": null,
            "net_interest_income": null,
            "interest_income": null,
            "interest_expense": 160482585.0,
            "non_interest_income": null,
            "other_non_operating_income": null,
            "depreciation": null,
            "depreciation_and_amortization": 3224000000.0,
            "income_before_tax": 7265000000.0,
            "income_tax_expense": 182000000.0,
            "interest_and_debt_expense": null,
            "net_income_from_continuing_operations": null,
            "comprehensive_income_net_of_tax": null,
            "ebit": 8146000000.0,
            "ebitda": 11370000000.0,
            "net_income": 7420000000.0
        },
        {
            "fiscal_date_ending": "2022-03-31",
            "reported_currency": "EUR",
            "gross_profit": 9067000000.0,
            "total_revenue": 43999500000.0,
            "cost_of_revenue": 34932500000.0,
            "cost_of_goods_and_services_sold": 34932500000.0,
            "operating_income": 5530000000.0,
            "selling_general_and_administrative": null,
            "research_and_development": 1273500000.0,
            "operating_expenses": 4002000000.0,
            "investment_income_net": null,
            "net_interest_income": null,
            "interest_income": null,
            "interest_expense": 102334329.0,
            "non_interest_income": null,
            "other_non_operating_income": null,
            "depreciation": null,
            "depreciation_and_amortization": 1147000000.0,
            "income_before_tax": 4972500000.0,
            "income_tax_expense": 992500000.0,
            "interest_and_debt_expense": null,
            "net_income_from_continuing_operations": null,
            "comprehensive_income_net_of_tax": null,
            "ebit": 5530000000.0,
            "ebitda": 6677000000.0,
            "net_income": 3980000000.0
        },
        {
            "fiscal_date_ending": "2022-06-30",
            "reported_currency": "EUR",
            "gross_profit": 18134000000.0,
            "total_revenue": 87999000000.0,
            "cost_of_revenue": 69865000000.0,
            "cost_of_goods_and_services_sold": 69865000000.0,
            "operating_income": 11127000000.0,
            "selling_general_and_administrative": null,
            "research_and_development": 2547000000.0,
            "operating_expenses": 7007000000.0,
            "investment_income_net": null,
            "net_interest_income": null,
            "interest_income": null,
            "interest_expense": 96909376.0,
            "non_interest_income": null,
            "other_non_operating_income": null,
            "depreciation": null,
            "depreciation_and_amortization": 3225000000.0,
            "income_before_tax": 9889000000.0,
            "income_tax_expense": 1985000000.0,
            "interest_and_debt_expense": null,
            "net_income_from_continuing_operations": null,
            "comprehensive_income_net_of_tax": null,
            "ebit": 11127000000.0,
            "ebitda": 14352000000.0,
            "net_income": 7960000000.0
        },
        {
            "fiscal_date_ending": "2022-09-30",
            "reported_currency": "EUR",
            "gross_profit": 8588500000.0,
            "total_revenue": 45796500000.0,
            "cost_of_revenue": 37208000000.0,
            "cost_of_goods_and_services_sold": 37208000000.0,
            "operating_income": 4992500000.0,
            "selling_general_and_administrative": null,
            "research_and_development": 1328500000.0,
            "operating_expenses": 3921500000.0,
            "investment_income_net": null,
            "net_interest_income": null,
            "interest_income": null,
            "interest_expense": null,
            "non_interest_income": null,
            "other_non_operating_income": null,
            "depreciation": null,
            "depreciation_and_amortization": 1027500000.0,
            "income_before_tax": 4781500000.0,
            "income_tax_expense": 372000000.0,
            "interest_and_debt_expense": null,
            "net_income_from_continuing_operations": null,
            "comprehensive_income_net_of_tax": null,
            "ebit": 4992500000.0,
            "ebitda": 6020000000.0,
            "net_income": 4419500000.0
        },
        {
            "fiscal_date_ending": "2022-12-31",
            "reported_currency": "EUR",
            "gross_profit": 17177000000.0,
            "total_revenue": 91593000000.0,
            "cost_of_revenue": 74416000000.0,
            "cost_of_goods_and_services_sold": 74416000000.0,
            "operating_income": 9985000000.0,
            "selling_general_and_administrative": null,
            "research_and_development": 2657000000.0,
            "operating_expenses": 7843000000.0,
            "investment_income_net": null,
            "net_interest_income": null,
            "interest_income": null,
            "interest_expense": 647000000.0,
            "non_interest_income": null,
            "other_non_operating_income": null,
            "depreciation": null,
            "depreciation_and_amortization": 2055000000.0,
            "income_before_tax": 9563000000.0,
            "income_tax_expense": 744000000.0,
            "interest_and_debt_expense": null,
            "net_income_from_continuing_operations": null,
            "comprehensive_income_net_of_tax": null,
            "ebit": 9985000000.0,
            "ebitda": 12040000000.0,
            "net_income": 8839000000.0
        },
        {
            "fiscal_date_ending": "2023-03-31",
            "reported_currency": "EUR",
            "gross_profit": 10717000000.0,
            "total_revenue": 49184000000.0,
            "cost_of_revenue": 38467000000.0,
            "cost_of_goods_and_services_sold": 38467000000.0,
            "operating_income": 6844500000.0,
            "selling_general_and_administrative": null,
            "research_and_development": 1367500000.0,
            "operating_expenses": 4242000000.0,
            "investment_income_net": null,
            "net_interest_income": null,
            "interest_income": null,
            "interest_expense": null,
            "non_interest_income": null,
            "other_non_operating_income": null,
            "depreciation": null,
            "depreciation_and_amortization": 1326000000.0,
            "income_before_tax": 6805000000.0,
            "income_tax_expense": 1346000000.0,
            "interest_and_debt_expense": null,
            "net_income_from_continuing_operations": null,
            "comprehensive_income_net_of_tax": null,
            "ebit": 6844500000.0,
            "ebitda": 8170500000.0,
            "net_income": 5461500000.0
        },
        {
            "fiscal_date_ending": "2023-06-30",
            "reported_currency": "EUR",
            "gross_profit": 21434000000.0,
            "total_revenue": 98368000000.0,
            "cost_of_revenue": 76934000000.0,
            "cost_of_goods_and_services_sold": 76934000000.0,
            "operating_income": 13778000000.0,
            "selling_general_and_administrative": 4921000000.0,
            "research_and_development": 2735000000.0,
            "operating_expenses": 7656000000.0,
            "investment_income_net": null,
            "net_interest_income": null,
            "interest_income": 308000000.0,
            "interest_expense": 549000000.0,
            "non_interest_income": null,
            "other_non_operating_income": null,
            "depreciation": null,
            "depreciation_and_amortization": 3740000000.0,
            "income_before_tax": 13317000000.0,
            "income_tax_expense": 2692000000.0,
            "interest_and_debt_expense": null,
            "net_income_from_continuing_operations": null,
            "comprehensive_income_net_of_tax": null,
            "ebit": 13778000000.0,
            "ebitda": 17518000000.0,
            "net_income": 10923000000.0
        },
        {
            "fiscal_date_ending": "2023-09-30",
            "reported_currency": "EUR",
            "gross_profit": 8384000000.0,
            "total_revenue": 45588000000.0,
            "cost_of_revenue": 37204000000.0,
            "cost_of_goods_and_services_sold": 37204000000.0,
            "operating_income": 4638000000.0,
            "selling_general_and_administrative": null,
            "research_and_development": 1442000000.0,
            "operating_expenses": 4425500000.0,
            "investment_income_net": null,
            "net_interest_income": null,
            "interest_income": null,
            "interest_expense": 76787807.0,
            "non_interest_income": null,
            "other_non_operating_income": null,
            "depreciation": null,
            "depreciation_and_amortization": 1048500000.0,
            "income_before_tax": 4404000000.0,
            "income_tax_expense": 550500000.0,
            "interest_and_debt_expense": null,
            "net_income_from_continuing_operations": null,
            "comprehensive_income_net_of_tax": null,
            "ebit": 4638000000.0,
            "ebitda": 5686500000.0,
            "net_income": 3836500000.0
        },
        {
            "fiscal_date_ending": "2023-12-31",
            "reported_currency": "EUR",
            "gross_profit": 16710000000.0,
            "total_revenue": 91176000000.0,
            "cost_of_revenue": 74466000000.0,
            "cost_of_goods_and_services_sold": 74466000000.0,
            "operating_income": 9206000000.0,
            "selling_general_and_administrative": null,
            "research_and_development": 2884000000.0,
            "operating_expenses": 7504000000.0,
            "investment_income_net": null,
            "net_interest_income": null,
            "interest_income": null,
            "interest_expense": 578000000.0,
            "non_interest_income": null,
            "other_non_operating_income": null,
            "depreciation": null,
            "depreciation_and_amortization": 3809000000.0,
            "income_before_tax": 8610000000.0,
            "income_tax_expense": 1101000000.0,
            "interest_and_debt_expense": null,
            "net_income_from_continuing_operations": null,
            "comprehensive_income_net_of_tax": null,
            "ebit": 9206000000.0,
            "ebitda": 13015000000.0,
            "net_income": 7673000000.0
        },
        {
            "fiscal_date_ending": "2024-03-31",
            "reported_currency": "None",
            "gross_profit": 8387456037.0,
            "total_revenue": 42561547481.0,
            "cost_of_revenue": 34174091443.0,
            "cost_of_goods_and_services_sold": 34174091443.0,
            "operating_income": 4474794841.0,
            "selling_general_and_administrative": null,
            "research_and_development": 1199296600.0,
            "operating_expenses": -3897420867.0,
            "investment_income_net": null,
            "net_interest_income": null,
            "interest_income": null,
            "interest_expense": 76787807.0,
            "non_interest_income": null,
            "other_non_operating_income": null,
            "depreciation": null,
            "depreciation_and_amortization": 1116647128.0,
            "income_before_tax": 4413247362.0,
            "income_tax_expense": 1013481828.0,
            "interest_and_debt_expense": null,
            "net_income_from_continuing_operations": null,
            "comprehensive_income_net_of_tax": null,
            "ebit": 4474794841.0,
            "ebitda": 5591441969.0,
            "net_income": 3393903868.0
        },
        {
            "fiscal_date_ending": "2024-06-30",
            "reported_currency": "None",
            "gross_profit": 15199000000.0,
            "total_revenue": 85017000000.0,
            "cost_of_revenue": 69818000000.0,
            "cost_of_goods_and_services_sold": 69818000000.0,
            "operating_income": 6639000000.0,
            "selling_general_and_administrative": null,
            "research_and_development": 2819000000.0,
            "operating_expenses": 8560000000.0,
            "investment_income_net": null,
            "net_interest_income": null,
            "interest_income": null,
            "interest_expense": 680000000.0,
            "non_interest_income": null,
            "other_non_operating_income": null,
            "depreciation": null,
            "depreciation_and_amortization": 2522000000.0,
            "income_before_tax": 6989000000.0,
            "income_tax_expense": 1342000000.0,
            "interest_and_debt_expense": null,
            "net_income_from_continuing_operations": null,
            "comprehensive_income_net_of_tax": null,
            "ebit": 7910000000.0,
            "ebitda": 10432000000.0,
            "net_income": 5624000000.0
        },
        {
            "fiscal_date_ending": "2024-12-31",
            "reported_currency": "None",
            "gross_profit": 3816956180.0,
            "total_revenue": 77386243160.0,
            "cost_of_revenue": 73569286980.0,
            "cost_of_goods_and_services_sold": 73569286980.0,
            "operating_income": -1012579300.0,
            "selling_general_and_administrative": null,
            "research_and_development": 944024700.0,
            "operating_expenses": 8271000000.0,
            "investment_income_net": null,
            "net_interest_income": null,
            "interest_income": null,
            "interest_expense": 678208640.0,
            "non_interest_income": null,
            "other_non_operating_income": null,
            "depreciation": null,
            "depreciation_and_amortization": 4958499720.0,
            "income_before_tax": -2780830700.0,
            "income_tax_expense": -2882407360.0,
            "interest_and_debt_expense": null,
            "net_income_from_continuing_operations": null,
            "comprehensive_income_net_of_tax": null,
            "ebit": -2343622060.0,
            "ebitda": 2614877660.0,
            "net_income": 41759060.0
        }
    ],
    "total_quarters": 81,
    "date_range": {
        "start": "2004-09-30",
        "end": "2024-12-31"
    }
}