{
    "symbol": "TM",
    "quarterly_reports": [
        {
            "fiscal_date_ending": "2004-12-31",
            "reported_currency": "JPY",
            "gross_profit": 867638027200.0,
            "total_revenue": 4635953328400.0,
            "cost_of_revenue": 3768315301200.0,
            "cost_of_goods_and_services_sold": 3768315301200.0,
            "operating_income": 422121906800.0,
            "selling_general_and_administrative": 445413514200.0,
            "research_and_development": 0.0,
            "operating_expenses": 445516120400.0,
            "investment_income_net": null,
            "net_interest_income": null,
            "interest_income": null,
            "interest_expense": 49495000.0,
            "non_interest_income": null,
            "other_non_operating_income": null,
            "depreciation": null,
            "depreciation_and_amortization": -10465832400.0,
            "income_before_tax": 446439576200.0,
            "income_tax_expense": 172686234600.0,
            "interest_and_debt_expense": null,
            "net_income_from_continuing_operations": 0.0,
            "comprehensive_income_net_of_tax": null,
            "ebit": 422121906800.0,
            "ebitda": 411656074400.0,
            "net_income": 296018887000.0
        },
        {
            "fiscal_date_ending": "2005-03-31",
            "reported_currency": "JPY",
            "gross_profit": 1065230288000.0,
            "total_revenue": 5548994492540.0,
            "cost_of_revenue": 4483764204540.0,
            "cost_of_goods_and_services_sold": 4483764204540.0,
            "operating_income": 447169990060.0,
            "selling_general_and_administrative": 618162904140.0,
            "research_and_development": 7032000000.0,
            "operating_expenses": 618060297940.0,
            "investment_income_net": null,
            "net_interest_income": null,
            "interest_income": null,
            "interest_expense": 55418000.0,
            "non_interest_income": null,
            "other_non_operating_income": null,
            "depreciation": null,
            "depreciation_and_amortization": -3308936160.0,
            "income_before_tax": 461804734540.0,
            "income_tax_expense": 150341690960.0,
            "interest_and_debt_expense": null,
            "net_income_from_continuing_operations": 0.0,
            "comprehensive_income_net_of_tax": null,
            "ebit": 447169990060.0,
            "ebitda": 443861053900.0,
            "net_income": 333963911220.0
        },
        {
            "fiscal_date_ending": "2005-06-30",
            "reported_currency": "JPY",
            "gross_profit": 975431183520.0,
            "total_revenue": 4980422512080.0,
            "cost_of_revenue": 4004991328560.0,
            "cost_of_goods_and_services_sold": 4004991328560.0,
            "operating_income": 404969212080.0,
            "selling_general_and_administrative": 570461971440.0,
            "research_and_development": 0.0,
            "operating_expenses": 570461971440.0,
            "investment_income_net": null,
            "net_interest_income": null,
            "interest_income": null,
            "interest_expense": 37228000.0,
            "non_interest_income": null,
            "other_non_operating_income": null,
            "depreciation": null,
            "depreciation_and_amortization": 3438522480.0,
            "income_before_tax": 421718144160.0,
            "income_tax_expense": 174920966160.0,
            "interest_and_debt_expense": null,
            "net_income_from_continuing_operations": 0.0,
            "comprehensive_income_net_of_tax": null,
            "ebit": 404969212080.0,
            "ebitda": 408407734560.0,
            "net_income": 266873712480.0
        },
        {
            "fiscal_date_ending": "2005-09-30",
            "reported_currency": "JPY",
            "gross_profit": 971859758100.0,
            "total_revenue": 4847044166580.0,
            "cost_of_revenue": 3875184408480.0,
            "cost_of_goods_and_services_sold": 3875184408480.0,
            "operating_income": 394303871500.0,
            "selling_general_and_administrative": 577555886600.0,
            "research_and_development": 3293918000.0,
            "operating_expenses": 577555886600.0,
            "investment_income_net": null,
            "net_interest_income": null,
            "interest_income": null,
            "interest_expense": 60292000.0,
            "non_interest_income": null,
            "other_non_operating_income": null,
            "depreciation": null,
            "depreciation_and_amortization": -14070123760.0,
            "income_before_tax": 423578806420.0,
            "income_tax_expense": 145807330900.0,
            "interest_and_debt_expense": null,
            "net_income_from_continuing_operations": 0.0,
            "comprehensive_income_net_of_tax": null,
            "ebit": 394303871500.0,
            "ebitda": 380233747740.0,
            "net_income": 296834223840.0
        },
        {
            "fiscal_date_ending": "2005-12-31",
            "reported_currency": "JPY",
            "gross_profit": 1042791159330.0,
            "total_revenue": 5341750567790.0,
            "cost_of_revenue": 4298959408460.0,
            "cost_of_goods_and_services_sold": 4298959408460.0,
            "operating_income": 482950849530.0,
            "selling_general_and_administrative": 559840309800.0,
            "research_and_development": 3293918000.0,
            "operating_expenses": 559840309800.0,
            "investment_income_net": null,
            "net_interest_income": null,
            "interest_income": null,
            "interest_expense": 43264000.0,
            "non_interest_income": null,
            "other_non_operating_income": null,
            "depreciation": null,
            "depreciation_and_amortization": -140432516530.0,
            "income_before_tax": 640981721790.0,
            "income_tax_expense": 259723384230.0,
            "interest_and_debt_expense": null,
            "net_income_from_continuing_operations": 0.0,
            "comprehensive_income_net_of_tax": null,
            "ebit": 482950849530.0,
            "ebitda": 342518333000.0,
            "net_income": 398148034670.0
        },
        {
            "fiscal_date_ending": "2006-03-31",
            "reported_currency": "JPY",
            "gross_profit": 1006988486540.0,
            "total_revenue": 5388215457700.0,
            "cost_of_revenue": 4381226971160.0,
            "cost_of_goods_and_services_sold": 4381226971160.0,
            "operating_income": 557461104950.0,
            "selling_general_and_administrative": 449527381590.0,
            "research_and_development": 6918000000.0,
            "operating_expenses": 449527381590.0,
            "investment_income_net": null,
            "net_interest_income": null,
            "interest_income": null,
            "interest_expense": 43216000.0,
            "non_interest_income": null,
            "other_non_operating_income": null,
            "depreciation": null,
            "depreciation_and_amortization": 14528775790.0,
            "income_before_tax": 560515995310.0,
            "income_tax_expense": 198974338080.0,
            "interest_and_debt_expense": null,
            "net_income_from_continuing_operations": 0.0,
            "comprehensive_income_net_of_tax": null,
            "ebit": 557461104950.0,
            "ebitda": 571989880740.0,
            "net_income": 383587018840.0
        },
        {
            "fiscal_date_ending": "2006-06-30",
            "reported_currency": "JPY",
            "gross_profit": 1101694906000.0,
            "total_revenue": 5645212962200.0,
            "cost_of_revenue": 4543518056200.0,
            "cost_of_goods_and_services_sold": 4543518056200.0,
            "operating_income": 513055424000.0,
            "selling_general_and_administrative": 588639482000.0,
            "research_and_development": 0.0,
            "operating_expenses": 588639482000.0,
            "investment_income_net": null,
            "net_interest_income": null,
            "interest_income": null,
            "interest_expense": 82395000.0,
            "non_interest_income": null,
            "other_non_operating_income": null,
            "depreciation": null,
            "depreciation_and_amortization": -19926706200.0,
            "income_before_tax": 555313783700.0,
            "income_tax_expense": 230645898200.0,
            "interest_and_debt_expense": null,
            "net_income_from_continuing_operations": 0.0,
            "comprehensive_income_net_of_tax": null,
            "ebit": 513055424000.0,
            "ebitda": 493128717800.0,
            "net_income": 371965182400.0
        },
        {
            "fiscal_date_ending": "2006-09-30",
            "reported_currency": "JPY",
            "gross_profit": 1150559461880.0,
            "total_revenue": 5830107162450.0,
            "cost_of_revenue": 4679547700570.0,
            "cost_of_goods_and_services_sold": 4679547700570.0,
            "operating_income": 580591094890.0,
            "selling_general_and_administrative": 569850336680.0,
            "research_and_development": 3332672000.0,
            "operating_expenses": 569968366990.0,
            "investment_income_net": null,
            "net_interest_income": null,
            "interest_income": null,
            "interest_expense": 95273000.0,
            "non_interest_income": null,
            "other_non_operating_income": null,
            "depreciation": null,
            "depreciation_and_amortization": -14045606890.0,
            "income_before_tax": 611042914870.0,
            "income_tax_expense": 225910013340.0,
            "interest_and_debt_expense": null,
            "net_income_from_continuing_operations": 0.0,
            "comprehensive_income_net_of_tax": null,
            "ebit": 580591094890.0,
            "ebitda": 566545488000.0,
            "net_income": 405434114850.0
        },
        {
            "fiscal_date_ending": "2006-12-31",
            "reported_currency": "JPY",
            "gross_profit": 1203856879890.0,
            "total_revenue": 6146181604430.0,
            "cost_of_revenue": 4942324724540.0,
            "cost_of_goods_and_services_sold": 4942324724540.0,
            "operating_income": 574727678840.0,
            "selling_general_and_administrative": 629248241580.0,
            "research_and_development": 3332672000.0,
            "operating_expenses": 629129201050.0,
            "investment_income_net": null,
            "net_interest_income": null,
            "interest_income": null,
            "interest_expense": 99311000.0,
            "non_interest_income": null,
            "other_non_operating_income": null,
            "depreciation": null,
            "depreciation_and_amortization": -14284863600.0,
            "income_before_tax": 615915702220.0,
            "income_tax_expense": 240223789540.0,
            "interest_and_debt_expense": null,
            "net_income_from_continuing_operations": 0.0,
            "comprehensive_income_net_of_tax": null,
            "ebit": 574727678840.0,
            "ebitda": 560442815240.0,
            "net_income": 426760300050.0
        },
        {
            "fiscal_date_ending": "2007-03-31",
            "reported_currency": "JPY",
            "gross_profit": 1255184749610.0,
            "total_revenue": 6284098159130.0,
            "cost_of_revenue": 5028913409520.0,
            "cost_of_goods_and_services_sold": 5028913409520.0,
            "operating_income": 566229601590.0,
            "selling_general_and_administrative": 688955148020.0,
            "research_and_development": 7546000000.0,
            "operating_expenses": 688955148020.0,
            "investment_income_net": null,
            "net_interest_income": null,
            "interest_income": null,
            "interest_expense": 141021000.0,
            "non_interest_income": null,
            "other_non_operating_income": null,
            "depreciation": null,
            "depreciation_and_amortization": -12700470580.0,
            "income_before_tax": 595932004670.0,
            "income_tax_expense": 199869633320.0,
            "interest_and_debt_expense": null,
            "net_income_from_continuing_operations": 0.0,
            "comprehensive_income_net_of_tax": null,
            "ebit": 566229601590.0,
            "ebitda": 553529131010.0,
            "net_income": 437026716750.0
        },
        {
            "fiscal_date_ending": "2007-06-30",
            "reported_currency": "JPY",
            "gross_profit": 1273600558890.0,
            "total_revenue": 6523800561300.0,
            "cost_of_revenue": 5250200002410.0,
            "cost_of_goods_and_services_sold": 5250200002410.0,
            "operating_income": 675534190650.0,
            "selling_general_and_administrative": 598066368240.0,
            "research_and_development": 0.0,
            "operating_expenses": 598066368240.0,
            "investment_income_net": null,
            "net_interest_income": null,
            "interest_income": null,
            "interest_expense": 92268000.0,
            "non_interest_income": null,
            "other_non_operating_income": null,
            "depreciation": null,
            "depreciation_and_amortization": -34608041490.0,
            "income_before_tax": 739208060580.0,
            "income_tax_expense": 304205916300.0,
            "interest_and_debt_expense": null,
            "net_income_from_continuing_operations": 0.0,
            "comprehensive_income_net_of_tax": null,
            "ebit": 675534190650.0,
            "ebitda": 640926149160.0,
            "net_income": 491655877680.0
        },
        {
            "fiscal_date_ending": "2007-09-30",
            "reported_currency": "JPY",
            "gross_profit": 1177706586030.0,
            "total_revenue": 6493862863030.0,
            "cost_of_revenue": 5316156277000.0,
            "cost_of_goods_and_services_sold": 5316156277000.0,
            "operating_income": 597177727790.0,
            "selling_general_and_administrative": 580643678030.0,
            "research_and_development": 0.0,
            "operating_expenses": 580528858240.0,
            "investment_income_net": null,
            "net_interest_income": null,
            "interest_income": null,
            "interest_expense": 119822000.0,
            "non_interest_income": null,
            "other_non_operating_income": null,
            "depreciation": null,
            "depreciation_and_amortization": -229639580.0,
            "income_before_tax": 623701099280.0,
            "income_tax_expense": 219994717640.0,
            "interest_and_debt_expense": null,
            "net_income_from_continuing_operations": 0.0,
            "comprehensive_income_net_of_tax": null,
            "ebit": 597177727790.0,
            "ebitda": 596948088210.0,
            "net_income": 451126954910.0
        },
        {
            "fiscal_date_ending": "2007-12-31",
            "reported_currency": "JPY",
            "gross_profit": 1259081277150.0,
            "total_revenue": 6732536157160.0,
            "cost_of_revenue": 5473454880010.0,
            "cost_of_goods_and_services_sold": 5473454880010.0,
            "operating_income": 603554274000.0,
            "selling_general_and_administrative": 655527003150.0,
            "research_and_development": 0.0,
            "operating_expenses": 655527003150.0,
            "investment_income_net": null,
            "net_interest_income": null,
            "interest_income": null,
            "interest_expense": 101230000.0,
            "non_interest_income": null,
            "other_non_operating_income": null,
            "depreciation": null,
            "depreciation_and_amortization": -10953392380.0,
            "income_before_tax": 654856387290.0,
            "income_tax_expense": 251704486120.0,
            "interest_and_debt_expense": null,
            "net_income_from_continuing_operations": 0.0,
            "comprehensive_income_net_of_tax": null,
            "ebit": 603554274000.0,
            "ebitda": 592600881620.0,
            "net_income": 460154249270.0
        },
        {
            "fiscal_date_ending": "2008-03-31",
            "reported_currency": "JPY",
            "gross_profit": 1028577253250.0,
            "total_revenue": 6375216892700.0,
            "cost_of_revenue": 5346639639450.0,
            "cost_of_goods_and_services_sold": 5346639639450.0,
            "operating_income": 379587551040.0,
            "selling_general_and_administrative": 648989702210.0,
            "research_and_development": 9571000000.0,
            "operating_expenses": 648989702210.0,
            "investment_income_net": null,
            "net_interest_income": null,
            "interest_income": null,
            "interest_expense": 146680000.0,
            "non_interest_income": null,
            "other_non_operating_income": null,
            "depreciation": null,
            "depreciation_and_amortization": -1026619230.0,
            "income_before_tax": 403882614560.0,
            "income_tax_expense": 129813671270.0,
            "interest_and_debt_expense": null,
            "net_income_from_continuing_operations": 0.0,
            "comprehensive_income_net_of_tax": null,
            "ebit": 379587551040.0,
            "ebitda": 378560931810.0,
            "net_income": 303919450770.0
        },
        {
            "fiscal_date_ending": "2008-06-30",
            "reported_currency": "JPY",
            "gross_profit": 1042268488940.0,
            "total_revenue": 6222387483900.0,
            "cost_of_revenue": 5180118994960.0,
            "cost_of_goods_and_services_sold": 5180118994960.0,
            "operating_income": 413020394690.0,
            "selling_general_and_administrative": 629141892040.0,
            "research_and_development": 0.0,
            "operating_expenses": 629248094250.0,
            "investment_income_net": null,
            "net_interest_income": null,
            "interest_income": null,
            "interest_expense": 135000000.0,
            "non_interest_income": null,
            "other_non_operating_income": null,
            "depreciation": null,
            "depreciation_and_amortization": 353971965930.0,
            "income_before_tax": 453483436700.0,
            "income_tax_expense": 174808837660.0,
            "interest_and_debt_expense": null,
            "net_income_from_continuing_operations": 0.0,
            "comprehensive_income_net_of_tax": null,
            "ebit": 400169927280.0,
            "ebitda": 754141893210.0,
            "net_income": 353971965930.0
        },
        {
            "fiscal_date_ending": "2008-09-30",
            "reported_currency": "JPY",
            "gross_profit": 832997782680.0,
            "total_revenue": 6113489514840.0,
            "cost_of_revenue": 5280491732160.0,
            "cost_of_goods_and_services_sold": 5280491732160.0,
            "operating_income": 173360179680.0,
            "selling_general_and_administrative": 659637603000.0,
            "research_and_development": 0.0,
            "operating_expenses": 659637603000.0,
            "investment_income_net": null,
            "net_interest_income": null,
            "interest_income": null,
            "interest_expense": 124000000.0,
            "non_interest_income": null,
            "other_non_operating_income": null,
            "depreciation": null,
            "depreciation_and_amortization": 404955666630.0,
            "income_before_tax": 187665573480.0,
            "income_tax_expense": 86150260440.0,
            "interest_and_debt_expense": null,
            "net_income_from_continuing_operations": 0.0,
            "comprehensive_income_net_of_tax": null,
            "ebit": 183638870040.0,
            "ebitda": 588594536670.0,
            "net_income": 143053938000.0
        },
        {
            "fiscal_date_ending": "2008-12-31",
            "reported_currency": "JPY",
            "gross_profit": 294950977440.0,
            "total_revenue": 4798038745080.0,
            "cost_of_revenue": 4503087767640.0,
            "cost_of_goods_and_services_sold": 4503087767640.0,
            "operating_income": -360152578980.0,
            "selling_general_and_administrative": 655194366450.0,
            "research_and_development": 0.0,
            "operating_expenses": 655103556420.0,
            "investment_income_net": null,
            "net_interest_income": null,
            "interest_income": null,
            "interest_expense": 168000000.0,
            "non_interest_income": null,
            "other_non_operating_income": null,
            "depreciation": null,
            "depreciation_and_amortization": 349317973560.0,
            "income_before_tax": -281874333120.0,
            "income_tax_expense": -100254273120.0,
            "interest_and_debt_expense": null,
            "net_income_from_continuing_operations": 0.0,
            "comprehensive_income_net_of_tax": null,
            "ebit": -410007285450.0,
            "ebitda": -60689311890.0,
            "net_income": -164456964330.0
        },
        {
            "fiscal_date_ending": "2009-03-31",
            "reported_currency": "JPY",
            "gross_profit": -74613689740.0,
            "total_revenue": 3553270561710.0,
            "cost_of_revenue": 3627884251450.0,
            "cost_of_goods_and_services_sold": 3627884251450.0,
            "operating_income": -682315043110.0,
            "selling_general_and_administrative": 607701353370.0,
            "research_and_development": 9204000000.0,
            "operating_expenses": 607701353370.0,
            "investment_income_net": null,
            "net_interest_income": null,
            "interest_income": null,
            "interest_expense": 50000000.0,
            "non_interest_income": null,
            "other_non_operating_income": null,
            "depreciation": null,
            "depreciation_and_amortization": 386924393880.0,
            "income_before_tax": -914358496940.0,
            "income_tax_expense": -214814692320.0,
            "interest_and_debt_expense": null,
            "net_income_from_continuing_operations": 0.0,
            "comprehensive_income_net_of_tax": null,
            "ebit": -491178225710.0,
            "ebitda": -104253831830.0,
            "net_income": -765396878510.0
        },
        {
            "fiscal_date_ending": "2009-06-30",
            "reported_currency": "JPY",
            "gross_profit": 283262000000.0,
            "total_revenue": 3836077000000.0,
            "cost_of_revenue": 3552815000000.0,
            "cost_of_goods_and_services_sold": 3552815000000.0,
            "operating_income": -194863000000.0,
            "selling_general_and_administrative": 478125000000.0,
            "research_and_development": 0.0,
            "operating_expenses": 478125000000.0,
            "investment_income_net": null,
            "net_interest_income": null,
            "interest_income": null,
            "interest_expense": 8800000000.0,
            "non_interest_income": null,
            "other_non_operating_income": null,
            "depreciation": null,
            "depreciation_and_amortization": 334712000000.0,
            "income_before_tax": -138508000000.0,
            "income_tax_expense": -47797000000.0,
            "interest_and_debt_expense": null,
            "net_income_from_continuing_operations": 0.0,
            "comprehensive_income_net_of_tax": null,
            "ebit": -172088000000.0,
            "ebitda": 162624000000.0,
            "net_income": -77822000000.0
        },
        {
            "fiscal_date_ending": "2009-09-30",
            "reported_currency": "JPY",
            "gross_profit": 517457000000.0,
            "total_revenue": 4541566000000.0,
            "cost_of_revenue": 4024109000000.0,
            "cost_of_goods_and_services_sold": 4024109000000.0,
            "operating_income": 58004000000.0,
            "selling_general_and_administrative": 459453000000.0,
            "research_and_development": 0.0,
            "operating_expenses": 459453000000.0,
            "investment_income_net": null,
            "net_interest_income": null,
            "interest_income": null,
            "interest_expense": 10365000000.0,
            "non_interest_income": null,
            "other_non_operating_income": null,
            "depreciation": null,
            "depreciation_and_amortization": 351761000000.0,
            "income_before_tax": 75533000000.0,
            "income_tax_expense": 5705000000.0,
            "interest_and_debt_expense": null,
            "net_income_from_continuing_operations": 0.0,
            "comprehensive_income_net_of_tax": null,
            "ebit": 75196000000.0,
            "ebitda": 426957000000.0,
            "net_income": 21836000000.0
        },
        {
            "fiscal_date_ending": "2009-12-31",
            "reported_currency": "JPY",
            "gross_profit": 731985000000.0,
            "total_revenue": 5292890000000.0,
            "cost_of_revenue": 4560905000000.0,
            "cost_of_goods_and_services_sold": 4560905000000.0,
            "operating_income": 189109000000.0,
            "selling_general_and_administrative": 542876000000.0,
            "research_and_development": 0.0,
            "operating_expenses": 542876000000.0,
            "investment_income_net": null,
            "net_interest_income": null,
            "interest_income": null,
            "interest_expense": 7240000000.0,
            "non_interest_income": null,
            "other_non_operating_income": null,
            "depreciation": null,
            "depreciation_and_amortization": 360185000000.0,
            "income_before_tax": 224887000000.0,
            "income_tax_expense": 115719000000.0,
            "interest_and_debt_expense": null,
            "net_income_from_continuing_operations": 0.0,
            "comprehensive_income_net_of_tax": null,
            "ebit": 210642000000.0,
            "ebitda": 570827000000.0,
            "net_income": 153219000000.0
        },
        {
            "fiscal_date_ending": "2010-03-31",
            "reported_currency": "JPY",
            "gross_profit": 734472000000.0,
            "total_revenue": 5280440000000.0,
            "cost_of_revenue": 4545968000000.0,
            "cost_of_goods_and_services_sold": 4545968000000.0,
            "operating_income": 95266000000.0,
            "selling_general_and_administrative": 639206000000.0,
            "research_and_development": 7766000000.0,
            "operating_expenses": 639206000000.0,
            "investment_income_net": null,
            "net_interest_income": null,
            "interest_income": null,
            "interest_expense": 7004000000.0,
            "non_interest_income": null,
            "other_non_operating_income": null,
            "depreciation": null,
            "depreciation_and_amortization": 367911000000.0,
            "income_before_tax": 129556000000.0,
            "income_tax_expense": -154881000000.0,
            "interest_and_debt_expense": null,
            "net_income_from_continuing_operations": 0.0,
            "comprehensive_income_net_of_tax": null,
            "ebit": 111990000000.0,
            "ebitda": 479901000000.0,
            "net_income": 112223000000.0
        },
        {
            "fiscal_date_ending": "2010-06-30",
            "reported_currency": "JPY",
            "gross_profit": 729745000000.0,
            "total_revenue": 4871825000000.0,
            "cost_of_revenue": 4142080000000.0,
            "cost_of_goods_and_services_sold": 4142080000000.0,
            "operating_income": 211663000000.0,
            "selling_general_and_administrative": 518082000000.0,
            "research_and_development": 0.0,
            "operating_expenses": 518082000000.0,
            "investment_income_net": null,
            "net_interest_income": null,
            "interest_income": null,
            "interest_expense": 7128000000.0,
            "non_interest_income": null,
            "other_non_operating_income": null,
            "depreciation": null,
            "depreciation_and_amortization": 293053000000.0,
            "income_before_tax": 263004000000.0,
            "income_tax_expense": 122448000000.0,
            "interest_and_debt_expense": null,
            "net_income_from_continuing_operations": 0.0,
            "comprehensive_income_net_of_tax": null,
            "ebit": 240116000000.0,
            "ebitda": 533169000000.0,
            "net_income": 190466000000.0
        },
        {
            "fiscal_date_ending": "2010-09-30",
            "reported_currency": "JPY",
            "gross_profit": 565096000000.0,
            "total_revenue": 4806667000000.0,
            "cost_of_revenue": 4241571000000.0,
            "cost_of_goods_and_services_sold": 4241571000000.0,
            "operating_income": 111457000000.0,
            "selling_general_and_administrative": 453639000000.0,
            "research_and_development": 0.0,
            "operating_expenses": 453639000000.0,
            "investment_income_net": null,
            "net_interest_income": null,
            "interest_income": null,
            "interest_expense": 9190000000.0,
            "non_interest_income": null,
            "other_non_operating_income": null,
            "depreciation": null,
            "depreciation_and_amortization": 292188000000.0,
            "income_before_tax": 129069000000.0,
            "income_tax_expense": 77401000000.0,
            "interest_and_debt_expense": null,
            "net_income_from_continuing_operations": 0.0,
            "comprehensive_income_net_of_tax": null,
            "ebit": 129082000000.0,
            "ebitda": 421270000000.0,
            "net_income": 98690000000.0
        },
        {
            "fiscal_date_ending": "2010-12-31",
            "reported_currency": "JPY",
            "gross_profit": 578146000000.0,
            "total_revenue": 4673113000000.0,
            "cost_of_revenue": 4094967000000.0,
            "cost_of_goods_and_services_sold": 4094967000000.0,
            "operating_income": 99070000000.0,
            "selling_general_and_administrative": 479076000000.0,
            "research_and_development": 0.0,
            "operating_expenses": 479076000000.0,
            "investment_income_net": null,
            "net_interest_income": null,
            "interest_income": null,
            "interest_expense": 6491000000.0,
            "non_interest_income": null,
            "other_non_operating_income": null,
            "depreciation": null,
            "depreciation_and_amortization": 294776000000.0,
            "income_before_tax": 129668000000.0,
            "income_tax_expense": 65718000000.0,
            "interest_and_debt_expense": null,
            "net_income_from_continuing_operations": 0.0,
            "comprehensive_income_net_of_tax": null,
            "ebit": 125800000000.0,
            "ebitda": 420576000000.0,
            "net_income": 93629000000.0
        },
        {
            "fiscal_date_ending": "2011-03-31",
            "reported_currency": "JPY",
            "gross_profit": 555375000000.0,
            "total_revenue": 4642083000000.0,
            "cost_of_revenue": 4086708000000.0,
            "cost_of_goods_and_services_sold": 4086708000000.0,
            "operating_income": 46089000000.0,
            "selling_general_and_administrative": 509286000000.0,
            "research_and_development": 10924000000.0,
            "operating_expenses": 509286000000.0,
            "investment_income_net": null,
            "net_interest_income": null,
            "interest_income": null,
            "interest_expense": 6509000000.0,
            "non_interest_income": null,
            "other_non_operating_income": null,
            "depreciation": null,
            "depreciation_and_amortization": 295556000000.0,
            "income_before_tax": 41549000000.0,
            "income_tax_expense": -578388000000.0,
            "interest_and_debt_expense": null,
            "net_income_from_continuing_operations": 0.0,
            "comprehensive_income_net_of_tax": null,
            "ebit": 64052000000.0,
            "ebitda": 359608000000.0,
            "net_income": 25398000000.0
        },
        {
            "fiscal_date_ending": "2011-06-30",
            "reported_currency": "JPY",
            "gross_profit": 304183000000.0,
            "total_revenue": 3441050000000.0,
            "cost_of_revenue": 3136867000000.0,
            "cost_of_goods_and_services_sold": 3136867000000.0,
            "operating_income": -107963000000.0,
            "selling_general_and_administrative": 412146000000.0,
            "research_and_development": 0.0,
            "operating_expenses": 412146000000.0,
            "investment_income_net": null,
            "net_interest_income": null,
            "interest_income": null,
            "interest_expense": 5381000000.0,
            "non_interest_income": null,
            "other_non_operating_income": null,
            "depreciation": null,
            "depreciation_and_amortization": 256213000000.0,
            "income_before_tax": -80531000000.0,
            "income_tax_expense": -43188000000.0,
            "interest_and_debt_expense": null,
            "net_income_from_continuing_operations": 0.0,
            "comprehensive_income_net_of_tax": null,
            "ebit": -75485000000.0,
            "ebitda": 180728000000.0,
            "net_income": 1160000000.0
        },
        {
            "fiscal_date_ending": "2011-09-30",
            "reported_currency": "JPY",
            "gross_profit": 522697000000.0,
            "total_revenue": 4574872000000.0,
            "cost_of_revenue": 4052175000000.0,
            "cost_of_goods_and_services_sold": 4052175000000.0,
            "operating_income": 75390000000.0,
            "selling_general_and_administrative": 447307000000.0,
            "research_and_development": 0.0,
            "operating_expenses": 447307000000.0,
            "investment_income_net": null,
            "net_interest_income": null,
            "interest_income": null,
            "interest_expense": 6402000000.0,
            "non_interest_income": null,
            "other_non_operating_income": null,
            "depreciation": null,
            "depreciation_and_amortization": 265347000000.0,
            "income_before_tax": 79128000000.0,
            "income_tax_expense": -14978000000.0,
            "interest_and_debt_expense": null,
            "net_income_from_continuing_operations": 0.0,
            "comprehensive_income_net_of_tax": null,
            "ebit": 93520000000.0,
            "ebitda": 358867000000.0,
            "net_income": 80421000000.0
        },
        {
            "fiscal_date_ending": "2011-12-31",
            "reported_currency": "JPY",
            "gross_profit": 610570000000.0,
            "total_revenue": 4865205000000.0,
            "cost_of_revenue": 4254635000000.0,
            "cost_of_goods_and_services_sold": 4254635000000.0,
            "operating_income": 149684000000.0,
            "selling_general_and_administrative": 460886000000.0,
            "research_and_development": 0.0,
            "operating_expenses": 460886000000.0,
            "investment_income_net": null,
            "net_interest_income": null,
            "interest_income": null,
            "interest_expense": 3047000000.0,
            "non_interest_income": null,
            "other_non_operating_income": null,
            "depreciation": null,
            "depreciation_and_amortization": 270275000000.0,
            "income_before_tax": 198602000000.0,
            "income_tax_expense": 152535000000.0,
            "interest_and_debt_expense": null,
            "net_income_from_continuing_operations": 0.0,
            "comprehensive_income_net_of_tax": null,
            "ebit": 178795000000.0,
            "ebitda": 449070000000.0,
            "net_income": 80944000000.0
        },
        {
            "fiscal_date_ending": "2012-03-31",
            "reported_currency": "JPY",
            "gross_profit": 757639000000.0,
            "total_revenue": 5702526000000.0,
            "cost_of_revenue": 4944887000000.0,
            "cost_of_goods_and_services_sold": 4944887000000.0,
            "operating_income": 238516000000.0,
            "selling_general_and_administrative": 519123000000.0,
            "research_and_development": 9463000000.0,
            "operating_expenses": 519123000000.0,
            "investment_income_net": null,
            "net_interest_income": null,
            "interest_income": null,
            "interest_expense": 8092000000.0,
            "non_interest_income": null,
            "other_non_operating_income": null,
            "depreciation": null,
            "depreciation_and_amortization": 275995000000.0,
            "income_before_tax": 235674000000.0,
            "income_tax_expense": 137947000000.0,
            "interest_and_debt_expense": null,
            "net_income_from_continuing_operations": 0.0,
            "comprehensive_income_net_of_tax": null,
            "ebit": 221860000000.0,
            "ebitda": 497855000000.0,
            "net_income": 121034000000.0
        },
        {
            "fiscal_date_ending": "2012-06-30",
            "reported_currency": "JPY",
            "gross_profit": 828741000000.0,
            "total_revenue": 5501573000000.0,
            "cost_of_revenue": 4672832000000.0,
            "cost_of_goods_and_services_sold": 4672832000000.0,
            "operating_income": 353143000000.0,
            "selling_general_and_administrative": 475598000000.0,
            "research_and_development": 0.0,
            "operating_expenses": 475598000000.0,
            "investment_income_net": null,
            "net_interest_income": null,
            "interest_income": null,
            "interest_expense": 6036000000.0,
            "non_interest_income": null,
            "other_non_operating_income": null,
            "depreciation": null,
            "depreciation_and_amortization": 253132000000.0,
            "income_before_tax": 415203000000.0,
            "income_tax_expense": 164914000000.0,
            "interest_and_debt_expense": null,
            "net_income_from_continuing_operations": 0.0,
            "comprehensive_income_net_of_tax": null,
            "ebit": 410321000000.0,
            "ebitda": 663453000000.0,
            "net_income": 290347000000.0
        },
        {
            "fiscal_date_ending": "2012-09-30",
            "reported_currency": "JPY",
            "gross_profit": 829278000000.0,
            "total_revenue": 5406781000000.0,
            "cost_of_revenue": 4577503000000.0,
            "cost_of_goods_and_services_sold": 4577503000000.0,
            "operating_income": 340607000000.0,
            "selling_general_and_administrative": 488671000000.0,
            "research_and_development": 0.0,
            "operating_expenses": 488671000000.0,
            "investment_income_net": null,
            "net_interest_income": null,
            "interest_income": null,
            "interest_expense": 6759000000.0,
            "non_interest_income": null,
            "other_non_operating_income": null,
            "depreciation": null,
            "depreciation_and_amortization": 259852000000.0,
            "income_before_tax": 379334000000.0,
            "income_tax_expense": 145932000000.0,
            "interest_and_debt_expense": null,
            "net_income_from_continuing_operations": 0.0,
            "comprehensive_income_net_of_tax": null,
            "ebit": 369983000000.0,
            "ebitda": 629835000000.0,
            "net_income": 257922000000.0
        },
        {
            "fiscal_date_ending": "2012-12-31",
            "reported_currency": "JPY",
            "gross_profit": 720696000000.0,
            "total_revenue": 5318752000000.0,
            "cost_of_revenue": 4598056000000.0,
            "cost_of_goods_and_services_sold": 4598056000000.0,
            "operating_income": 124757000000.0,
            "selling_general_and_administrative": 595939000000.0,
            "research_and_development": 0.0,
            "operating_expenses": 595939000000.0,
            "investment_income_net": null,
            "net_interest_income": null,
            "interest_income": null,
            "interest_expense": 6190000000.0,
            "non_interest_income": null,
            "other_non_operating_income": null,
            "depreciation": null,
            "depreciation_and_amortization": 285929000000.0,
            "income_before_tax": 131249000000.0,
            "income_tax_expense": 67353000000.0,
            "interest_and_debt_expense": null,
            "net_income_from_continuing_operations": 0.0,
            "comprehensive_income_net_of_tax": null,
            "ebit": 151101000000.0,
            "ebitda": 437030000000.0,
            "net_income": 99914000000.0
        },
        {
            "fiscal_date_ending": "2013-03-31",
            "reported_currency": "JPY",
            "gross_profit": 1044482000000.0,
            "total_revenue": 5837086000000.0,
            "cost_of_revenue": 4792604000000.0,
            "cost_of_goods_and_services_sold": 4792604000000.0,
            "operating_income": 502381000000.0,
            "selling_general_and_administrative": 542101000000.0,
            "research_and_development": 807454000000.0,
            "operating_expenses": 542101000000.0,
            "investment_income_net": null,
            "net_interest_income": null,
            "interest_income": null,
            "interest_expense": 3982000000.0,
            "non_interest_income": null,
            "other_non_operating_income": null,
            "depreciation": null,
            "depreciation_and_amortization": 306196000000.0,
            "income_before_tax": 477863000000.0,
            "income_tax_expense": 173487000000.0,
            "interest_and_debt_expense": null,
            "net_income_from_continuing_operations": 0.0,
            "comprehensive_income_net_of_tax": null,
            "ebit": 489660000000.0,
            "ebitda": 795856000000.0,
            "net_income": 313980000000.0
        },
        {
            "fiscal_date_ending": "2013-06-30",
            "reported_currency": "JPY",
            "gross_profit": 1233066000000.0,
            "total_revenue": 6255319000000.0,
            "cost_of_revenue": 5022253000000.0,
            "cost_of_goods_and_services_sold": 5022253000000.0,
            "operating_income": 663383000000.0,
            "selling_general_and_administrative": 569683000000.0,
            "research_and_development": 0.0,
            "operating_expenses": 569683000000.0,
            "investment_income_net": null,
            "net_interest_income": null,
            "interest_income": null,
            "interest_expense": 4584000000.0,
            "non_interest_income": null,
            "other_non_operating_income": null,
            "depreciation": null,
            "depreciation_and_amortization": 287661000000.0,
            "income_before_tax": 724163000000.0,
            "income_tax_expense": 210130000000.0,
            "interest_and_debt_expense": null,
            "net_income_from_continuing_operations": 0.0,
            "comprehensive_income_net_of_tax": null,
            "ebit": 719270000000.0,
            "ebitda": 1006931000000.0,
            "net_income": 562194000000.0
        },
        {
            "fiscal_date_ending": "2013-09-30",
            "reported_currency": "JPY",
            "gross_profit": 1181835000000.0,
            "total_revenue": 6282166000000.0,
            "cost_of_revenue": 5100331000000.0,
            "cost_of_goods_and_services_sold": 5100331000000.0,
            "operating_income": 592092000000.0,
            "selling_general_and_administrative": 589743000000.0,
            "research_and_development": 0.0,
            "operating_expenses": 589743000000.0,
            "investment_income_net": null,
            "net_interest_income": null,
            "interest_income": null,
            "interest_expense": 5154000000.0,
            "non_interest_income": null,
            "other_non_operating_income": null,
            "depreciation": null,
            "depreciation_and_amortization": 307520000000.0,
            "income_before_tax": 619362000000.0,
            "income_tax_expense": 227050000000.0,
            "interest_and_debt_expense": null,
            "net_income_from_continuing_operations": 0.0,
            "comprehensive_income_net_of_tax": null,
            "ebit": 617269000000.0,
            "ebitda": 924789000000.0,
            "net_income": 438429000000.0
        },
        {
            "fiscal_date_ending": "2013-12-31",
            "reported_currency": "JPY",
            "gross_profit": 1237851000000.0,
            "total_revenue": 6585044000000.0,
            "cost_of_revenue": 5347193000000.0,
            "cost_of_goods_and_services_sold": 5347193000000.0,
            "operating_income": 600509000000.0,
            "selling_general_and_administrative": 637342000000.0,
            "research_and_development": 0.0,
            "operating_expenses": 637342000000.0,
            "investment_income_net": null,
            "net_interest_income": null,
            "interest_income": null,
            "interest_expense": 5583000000.0,
            "non_interest_income": null,
            "other_non_operating_income": null,
            "depreciation": null,
            "depreciation_and_amortization": 319142000000.0,
            "income_before_tax": 678956000000.0,
            "income_tax_expense": 207748000000.0,
            "interest_and_debt_expense": null,
            "net_income_from_continuing_operations": 0.0,
            "comprehensive_income_net_of_tax": null,
            "ebit": 638228000000.0,
            "ebitda": 957370000000.0,
            "net_income": 525464000000.0
        },
        {
            "fiscal_date_ending": "2014-03-31",
            "reported_currency": "JPY",
            "gross_profit": 1238020000000.0,
            "total_revenue": 6569382000000.0,
            "cost_of_revenue": 5331362000000.0,
            "cost_of_goods_and_services_sold": 5331362000000.0,
            "operating_income": 436128000000.0,
            "selling_general_and_administrative": 801892000000.0,
            "research_and_development": 910517000000.0,
            "operating_expenses": 801892000000.0,
            "investment_income_net": null,
            "net_interest_income": null,
            "interest_income": null,
            "interest_expense": 4309000000.0,
            "non_interest_income": null,
            "other_non_operating_income": null,
            "depreciation": null,
            "depreciation_and_amortization": 336530000000.0,
            "income_before_tax": 418599000000.0,
            "income_tax_expense": 122880000000.0,
            "interest_and_debt_expense": null,
            "net_income_from_continuing_operations": 1991648000000.0,
            "comprehensive_income_net_of_tax": null,
            "ebit": 435683000000.0,
            "ebitda": 772213000000.0,
            "net_income": 297032000000.0
        },
        {
            "fiscal_date_ending": "2014-06-30",
            "reported_currency": "JPY",
            "gross_profit": 1295513000000.0,
            "total_revenue": 6390688000000.0,
            "cost_of_revenue": 5095175000000.0,
            "cost_of_goods_and_services_sold": 5095175000000.0,
            "operating_income": 692728000000.0,
            "selling_general_and_administrative": 602785000000.0,
            "research_and_development": 0.0,
            "operating_expenses": 602785000000.0,
            "investment_income_net": null,
            "net_interest_income": null,
            "interest_income": null,
            "interest_expense": 3914000000.0,
            "non_interest_income": null,
            "other_non_operating_income": null,
            "depreciation": null,
            "depreciation_and_amortization": 316004000000.0,
            "income_before_tax": 771826000000.0,
            "income_tax_expense": 259973000000.0,
            "interest_and_debt_expense": null,
            "net_income_from_continuing_operations": 0.0,
            "comprehensive_income_net_of_tax": null,
            "ebit": 762755000000.0,
            "ebitda": 1078759000000.0,
            "net_income": 587774000000.0
        },
        {
            "fiscal_date_ending": "2014-09-30",
            "reported_currency": "JPY",
            "gross_profit": 1302539000000.0,
            "total_revenue": 6554909000000.0,
            "cost_of_revenue": 5252370000000.0,
            "cost_of_goods_and_services_sold": 5252370000000.0,
            "operating_income": 659218000000.0,
            "selling_general_and_administrative": 643321000000.0,
            "research_and_development": 0.0,
            "operating_expenses": 643321000000.0,
            "investment_income_net": null,
            "net_interest_income": null,
            "interest_income": null,
            "interest_expense": 5555000000.0,
            "non_interest_income": null,
            "other_non_operating_income": null,
            "depreciation": null,
            "depreciation_and_amortization": 332229000000.0,
            "income_before_tax": 737348000000.0,
            "income_tax_expense": 233618000000.0,
            "interest_and_debt_expense": null,
            "net_income_from_continuing_operations": 0.0,
            "comprehensive_income_net_of_tax": null,
            "ebit": 691727000000.0,
            "ebitda": 1023956000000.0,
            "net_income": 539062000000.0
        },
        {
            "fiscal_date_ending": "2014-12-31",
            "reported_currency": "JPY",
            "gross_profit": 1452228000000.0,
            "total_revenue": 7170017000000.0,
            "cost_of_revenue": 5717789000000.0,
            "cost_of_goods_and_services_sold": 5717789000000.0,
            "operating_income": 762880000000.0,
            "selling_general_and_administrative": 689348000000.0,
            "research_and_development": 0.0,
            "operating_expenses": 689348000000.0,
            "investment_income_net": null,
            "net_interest_income": null,
            "interest_income": null,
            "interest_expense": 7308000000.0,
            "non_interest_income": null,
            "other_non_operating_income": null,
            "depreciation": null,
            "depreciation_and_amortization": 369403000000.0,
            "income_before_tax": 846461000000.0,
            "income_tax_expense": 296113000000.0,
            "interest_and_debt_expense": null,
            "net_income_from_continuing_operations": 0.0,
            "comprehensive_income_net_of_tax": null,
            "ebit": 813644000000.0,
            "ebitda": 1183047000000.0,
            "net_income": 600027000000.0
        },
        {
            "fiscal_date_ending": "2015-03-31",
            "reported_currency": "JPY",
            "gross_profit": 1342565000000.0,
            "total_revenue": 7118907000000.0,
            "cost_of_revenue": 5776342000000.0,
            "cost_of_goods_and_services_sold": 5776342000000.0,
            "operating_income": 635738000000.0,
            "selling_general_and_administrative": 271677000000.0,
            "research_and_development": 1004547000000.0,
            "operating_expenses": 706827000000.0,
            "investment_income_net": null,
            "net_interest_income": null,
            "interest_income": null,
            "interest_expense": 6094000000.0,
            "non_interest_income": null,
            "other_non_operating_income": null,
            "depreciation": null,
            "depreciation_and_amortization": 391439000000.0,
            "income_before_tax": 537193000000.0,
            "income_tax_expense": 103765000000.0,
            "interest_and_debt_expense": null,
            "net_income_from_continuing_operations": 2307904000000.0,
            "comprehensive_income_net_of_tax": null,
            "ebit": 559433000000.0,
            "ebitda": 950872000000.0,
            "net_income": 446475000000.0
        },
        {
            "fiscal_date_ending": "2015-06-30",
            "reported_currency": "JPY",
            "gross_profit": 1430483000000.0,
            "total_revenue": 6987648000000.0,
            "cost_of_revenue": 5557165000000.0,
            "cost_of_goods_and_services_sold": 5557165000000.0,
            "operating_income": 756001000000.0,
            "selling_general_and_administrative": 674482000000.0,
            "research_and_development": 2176000000.0,
            "operating_expenses": 674482000000.0,
            "investment_income_net": null,
            "net_interest_income": null,
            "interest_income": null,
            "interest_expense": 4396000000.0,
            "non_interest_income": null,
            "other_non_operating_income": null,
            "depreciation": null,
            "depreciation_and_amortization": 381526000000.0,
            "income_before_tax": 845259000000.0,
            "income_tax_expense": 267957000000.0,
            "interest_and_debt_expense": null,
            "net_income_from_continuing_operations": 0.0,
            "comprehensive_income_net_of_tax": null,
            "ebit": 815467000000.0,
            "ebitda": 1196993000000.0,
            "net_income": 646394000000.0
        },
        {
            "fiscal_date_ending": "2015-09-30",
            "reported_currency": "JPY",
            "gross_profit": 1553467000000.0,
            "total_revenue": 7103840000000.0,
            "cost_of_revenue": 5550373000000.0,
            "cost_of_goods_and_services_sold": 5550373000000.0,
            "operating_income": 827404000000.0,
            "selling_general_and_administrative": 726063000000.0,
            "research_and_development": 2246000000.0,
            "operating_expenses": 726063000000.0,
            "investment_income_net": null,
            "net_interest_income": null,
            "interest_income": null,
            "interest_expense": 15262000000.0,
            "non_interest_income": null,
            "other_non_operating_income": null,
            "depreciation": null,
            "depreciation_and_amortization": 403179000000.0,
            "income_before_tax": 829892000000.0,
            "income_tax_expense": 248411000000.0,
            "interest_and_debt_expense": null,
            "net_income_from_continuing_operations": 0.0,
            "comprehensive_income_net_of_tax": null,
            "ebit": 842752000000.0,
            "ebitda": 1245931000000.0,
            "net_income": 611718000000.0
        },
        {
            "fiscal_date_ending": "2015-12-31",
            "reported_currency": "JPY",
            "gross_profit": 1452940000000.0,
            "total_revenue": 7339882000000.0,
            "cost_of_revenue": 5886942000000.0,
            "cost_of_goods_and_services_sold": 5886942000000.0,
            "operating_income": 722266000000.0,
            "selling_general_and_administrative": 730674000000.0,
            "research_and_development": 529800000000.0,
            "operating_expenses": 730674000000.0,
            "investment_income_net": null,
            "net_interest_income": null,
            "interest_income": null,
            "interest_expense": 9644000000.0,
            "non_interest_income": null,
            "other_non_operating_income": null,
            "depreciation": null,
            "depreciation_and_amortization": 444724000000.0,
            "income_before_tax": 777761000000.0,
            "income_tax_expense": 220455000000.0,
            "interest_and_debt_expense": null,
            "net_income_from_continuing_operations": 0.0,
            "comprehensive_income_net_of_tax": null,
            "ebit": 791165000000.0,
            "ebitda": 1235889000000.0,
            "net_income": 627965000000.0
        },
        {
            "fiscal_date_ending": "2016-03-31",
            "reported_currency": "JPY",
            "gross_profit": 1360763000000.0,
            "total_revenue": 6971748000000.0,
            "cost_of_revenue": 5610985000000.0,
            "cost_of_goods_and_services_sold": 5610985000000.0,
            "operating_income": 548300000000.0,
            "selling_general_and_administrative": 323427000000.0,
            "research_and_development": 1055672000000.0,
            "operating_expenses": 812463000000.0,
            "investment_income_net": null,
            "net_interest_income": null,
            "interest_income": null,
            "interest_expense": 6101000000.0,
            "non_interest_income": null,
            "other_non_operating_income": null,
            "depreciation": null,
            "depreciation_and_amortization": 396408000000.0,
            "income_before_tax": 530469000000.0,
            "income_tax_expense": 141446000000.0,
            "interest_and_debt_expense": null,
            "net_income_from_continuing_operations": 2434211000000.0,
            "comprehensive_income_net_of_tax": null,
            "ebit": 574973000000.0,
            "ebitda": 971381000000.0,
            "net_income": 426617000000.0
        },
        {
            "fiscal_date_ending": "2016-06-30",
            "reported_currency": "JPY",
            "gross_profit": 1309887000000.0,
            "total_revenue": 6589113000000.0,
            "cost_of_revenue": 5279226000000.0,
            "cost_of_goods_and_services_sold": 5279226000000.0,
            "operating_income": 642230000000.0,
            "selling_general_and_administrative": 667657000000.0,
            "research_and_development": 2667000000.0,
            "operating_expenses": 667657000000.0,
            "investment_income_net": null,
            "net_interest_income": null,
            "interest_income": null,
            "interest_expense": 4923000000.0,
            "non_interest_income": null,
            "other_non_operating_income": null,
            "depreciation": null,
            "depreciation_and_amortization": 382289000000.0,
            "income_before_tax": 677056000000.0,
            "income_tax_expense": 187825000000.0,
            "interest_and_debt_expense": null,
            "net_income_from_continuing_operations": 0.0,
            "comprehensive_income_net_of_tax": null,
            "ebit": 711284000000.0,
            "ebitda": 1093573000000.0,
            "net_income": 552465000000.0
        },
        {
            "fiscal_date_ending": "2016-09-30",
            "reported_currency": "JPY",
            "gross_profit": 1169995000000.0,
            "total_revenue": 6481420000000.0,
            "cost_of_revenue": 5311425000000.0,
            "cost_of_goods_and_services_sold": 5311425000000.0,
            "operating_income": 474635000000.0,
            "selling_general_and_administrative": 695360000000.0,
            "research_and_development": 2593000000.0,
            "operating_expenses": 695360000000.0,
            "investment_income_net": null,
            "net_interest_income": null,
            "interest_income": null,
            "interest_expense": 6190000000.0,
            "non_interest_income": null,
            "other_non_operating_income": null,
            "depreciation": null,
            "depreciation_and_amortization": 384755000000.0,
            "income_before_tax": 499478000000.0,
            "income_tax_expense": 167099000000.0,
            "interest_and_debt_expense": null,
            "net_income_from_continuing_operations": 0.0,
            "comprehensive_income_net_of_tax": null,
            "ebit": 504270000000.0,
            "ebitda": 889025000000.0,
            "net_income": 393708000000.0
        },
        {
            "fiscal_date_ending": "2016-12-31",
            "reported_currency": "JPY",
            "gross_profit": 1116520000000.0,
            "total_revenue": 7084187000000.0,
            "cost_of_revenue": 5967667000000.0,
            "cost_of_goods_and_services_sold": 5967667000000.0,
            "operating_income": 438586000000.0,
            "selling_general_and_administrative": 677934000000.0,
            "research_and_development": 1538000000.0,
            "operating_expenses": 677934000000.0,
            "investment_income_net": null,
            "net_interest_income": null,
            "interest_income": null,
            "interest_expense": 8475000000.0,
            "non_interest_income": null,
            "other_non_operating_income": null,
            "depreciation": null,
            "depreciation_and_amortization": 407699000000.0,
            "income_before_tax": 587538000000.0,
            "income_tax_expense": 170320000000.0,
            "interest_and_debt_expense": null,
            "net_income_from_continuing_operations": 0.0,
            "comprehensive_income_net_of_tax": null,
            "ebit": 525570000000.0,
            "ebitda": 933269000000.0,
            "net_income": 486531000000.0
        },
        {
            "fiscal_date_ending": "2017-03-31",
            "reported_currency": "JPY",
            "gross_profit": 1266455000000.0,
            "total_revenue": 7442473000000.0,
            "cost_of_revenue": 6176018000000.0,
            "cost_of_goods_and_services_sold": 6176018000000.0,
            "operating_income": 438921000000.0,
            "selling_general_and_administrative": 827534000000.0,
            "research_and_development": 243628000000.0,
            "operating_expenses": 827534000000.0,
            "investment_income_net": null,
            "net_interest_income": null,
            "interest_income": null,
            "interest_expense": 9765000000.0,
            "non_interest_income": null,
            "other_non_operating_income": null,
            "depreciation": null,
            "depreciation_and_amortization": 436207000000.0,
            "income_before_tax": 429753000000.0,
            "income_tax_expense": 103656000000.0,
            "interest_and_debt_expense": null,
            "net_income_from_continuing_operations": 1926985000000.0,
            "comprehensive_income_net_of_tax": null,
            "ebit": 448453000000.0,
            "ebitda": 884660000000.0,
            "net_income": 398405000000.0
        },
        {
            "fiscal_date_ending": "2017-06-30",
            "reported_currency": "JPY",
            "gross_profit": 1294543000000.0,
            "total_revenue": 7047606000000.0,
            "cost_of_revenue": 5753063000000.0,
            "cost_of_goods_and_services_sold": 5753063000000.0,
            "operating_income": 574294000000.0,
            "selling_general_and_administrative": 720249000000.0,
            "research_and_development": 2439000000.0,
            "operating_expenses": 720249000000.0,
            "investment_income_net": null,
            "net_interest_income": null,
            "interest_income": null,
            "interest_expense": 4388000000.0,
            "non_interest_income": null,
            "other_non_operating_income": null,
            "depreciation": null,
            "depreciation_and_amortization": 400618000000.0,
            "income_before_tax": 679348000000.0,
            "income_tax_expense": 185398000000.0,
            "interest_and_debt_expense": null,
            "net_income_from_continuing_operations": 631752000000.0,
            "comprehensive_income_net_of_tax": null,
            "ebit": 660945000000.0,
            "ebitda": 1061563000000.0,
            "net_income": 613056000000.0
        },
        {
            "fiscal_date_ending": "2017-09-30",
            "reported_currency": "JPY",
            "gross_profit": 1280582000000.0,
            "total_revenue": 7143601000000.0,
            "cost_of_revenue": 5863019000000.0,
            "cost_of_goods_and_services_sold": 5863019000000.0,
            "operating_income": 522247000000.0,
            "selling_general_and_administrative": 758335000000.0,
            "research_and_development": 2449000000.0,
            "operating_expenses": 758335000000.0,
            "investment_income_net": null,
            "net_interest_income": null,
            "interest_income": null,
            "interest_expense": 9153000000.0,
            "non_interest_income": null,
            "other_non_operating_income": null,
            "depreciation": null,
            "depreciation_and_amortization": 433657000000.0,
            "income_before_tax": 572825000000.0,
            "income_tax_expense": 188849000000.0,
            "interest_and_debt_expense": null,
            "net_income_from_continuing_operations": -1414039000000.0,
            "comprehensive_income_net_of_tax": null,
            "ebit": 550950000000.0,
            "ebitda": 984607000000.0,
            "net_income": 458272000000.0
        },
        {
            "fiscal_date_ending": "2017-12-31",
            "reported_currency": "JPY",
            "gross_profit": 1407617000000.0,
            "total_revenue": 7605767000000.0,
            "cost_of_revenue": 6198150000000.0,
            "cost_of_goods_and_services_sold": 6198150000000.0,
            "operating_income": 673645000000.0,
            "selling_general_and_administrative": 733972000000.0,
            "research_and_development": 2344000000.0,
            "operating_expenses": 733972000000.0,
            "investment_income_net": null,
            "net_interest_income": null,
            "interest_income": null,
            "interest_expense": 6508000000.0,
            "non_interest_income": null,
            "other_non_operating_income": null,
            "depreciation": null,
            "depreciation_and_amortization": 446648000000.0,
            "income_before_tax": 750940000000.0,
            "income_tax_expense": -95938000000.0,
            "interest_and_debt_expense": null,
            "net_income_from_continuing_operations": 1752973000000.0,
            "comprehensive_income_net_of_tax": null,
            "ebit": 737512000000.0,
            "ebitda": 1184160000000.0,
            "net_income": 941849000000.0
        },
        {
            "fiscal_date_ending": "2018-03-31",
            "reported_currency": "JPY",
            "gross_profit": 1507615000000.0,
            "total_revenue": 7582536000000.0,
            "cost_of_revenue": 6074921000000.0,
            "cost_of_goods_and_services_sold": 6074921000000.0,
            "operating_income": 629676000000.0,
            "selling_general_and_administrative": 877939000000.0,
            "research_and_development": 249269000000.0,
            "operating_expenses": 877939000000.0,
            "investment_income_net": null,
            "net_interest_income": null,
            "interest_income": null,
            "interest_expense": 7537000000.0,
            "non_interest_income": null,
            "other_non_operating_income": null,
            "depreciation": null,
            "depreciation_and_amortization": 453110000000.0,
            "income_before_tax": 617316000000.0,
            "income_tax_expense": 226097000000.0,
            "interest_and_debt_expense": null,
            "net_income_from_continuing_operations": 4744803815.1,
            "comprehensive_income_net_of_tax": null,
            "ebit": 675944000000.0,
            "ebitda": 1129054000000.0,
            "net_income": 480806000000.0
        },
        {
            "fiscal_date_ending": "2018-06-30",
            "reported_currency": "JPY",
            "gross_profit": 1374582000000.0,
            "total_revenue": 7362733000000.0,
            "cost_of_revenue": 5988151000000.0,
            "cost_of_goods_and_services_sold": 5988151000000.0,
            "operating_income": 682687000000.0,
            "selling_general_and_administrative": 691895000000.0,
            "research_and_development": 0.0,
            "operating_expenses": 691895000000.0,
            "investment_income_net": null,
            "net_interest_income": null,
            "interest_income": null,
            "interest_expense": 3439000000.0,
            "non_interest_income": null,
            "other_non_operating_income": 0.0,
            "depreciation": null,
            "depreciation_and_amortization": 413454000000.0,
            "income_before_tax": 813864000000.0,
            "income_tax_expense": 246163000000.0,
            "interest_and_debt_expense": null,
            "net_income_from_continuing_operations": 6170124892.92,
            "comprehensive_income_net_of_tax": null,
            "ebit": 743054000000.0,
            "ebitda": 1156508000000.0,
            "net_income": 657306000000.0
        },
        {
            "fiscal_date_ending": "2018-09-30",
            "reported_currency": "JPY",
            "gross_profit": 1315267000000.0,
            "total_revenue": 7311273000000.0,
            "cost_of_revenue": 5996006000000.0,
            "cost_of_goods_and_services_sold": 5996006000000.0,
            "operating_income": 579158000000.0,
            "selling_general_and_administrative": 736109000000.0,
            "research_and_development": 0.0,
            "operating_expenses": 736109000000.0,
            "investment_income_net": null,
            "net_interest_income": null,
            "interest_income": null,
            "interest_expense": 8164000000.0,
            "non_interest_income": null,
            "other_non_operating_income": 0.0,
            "depreciation": null,
            "depreciation_and_amortization": 451853000000.0,
            "income_before_tax": 734945000000.0,
            "income_tax_expense": 227428000000.0,
            "interest_and_debt_expense": null,
            "net_income_from_continuing_operations": 5385727452.27,
            "comprehensive_income_net_of_tax": null,
            "ebit": 604725000000.0,
            "ebitda": 1056578000000.0,
            "net_income": 585086000000.0
        },
        {
            "fiscal_date_ending": "2018-12-31",
            "reported_currency": "JPY",
            "gross_profit": 1453381000000.0,
            "total_revenue": 7801542000000.0,
            "cost_of_revenue": 6348161000000.0,
            "cost_of_goods_and_services_sold": 6348161000000.0,
            "operating_income": 676129000000.0,
            "selling_general_and_administrative": 777252000000.0,
            "research_and_development": 0.0,
            "operating_expenses": 777252000000.0,
            "investment_income_net": null,
            "net_interest_income": null,
            "interest_income": null,
            "interest_expense": 8905000000.0,
            "non_interest_income": null,
            "other_non_operating_income": 0.0,
            "depreciation": null,
            "depreciation_and_amortization": 456305000000.0,
            "income_before_tax": 176970000000.0,
            "income_tax_expense": 6148000000.0,
            "interest_and_debt_expense": null,
            "net_income_from_continuing_operations": 1408.85,
            "comprehensive_income_net_of_tax": null,
            "ebit": 741548000000.0,
            "ebitda": 1197853000000.0,
            "net_income": 180915000000.0
        },
        {
            "fiscal_date_ending": "2019-03-31",
            "reported_currency": "JPY",
            "gross_profit": 1300666000000.0,
            "total_revenue": 7750133000000.0,
            "cost_of_revenue": 6449467000000.0,
            "cost_of_goods_and_services_sold": 6449467000000.0,
            "operating_income": 529571000000.0,
            "selling_general_and_administrative": 771095000000.0,
            "research_and_development": 1048882000000.0,
            "operating_expenses": 771095000000.0,
            "investment_income_net": null,
            "net_interest_income": 27522000000.0,
            "interest_income": 41908000000.0,
            "interest_expense": 7570000000.0,
            "non_interest_income": null,
            "other_non_operating_income": 0.0,
            "depreciation": null,
            "depreciation_and_amortization": 470763000000.0,
            "income_before_tax": 559686000000.0,
            "income_tax_expense": 180205000000.0,
            "interest_and_debt_expense": null,
            "net_income_from_continuing_operations": 484682000000.0,
            "comprehensive_income_net_of_tax": null,
            "ebit": 552870000000.0,
            "ebitda": 1023633000000.0,
            "net_income": 459566000000.0
        },
        {
            "fiscal_date_ending": "2019-06-30",
            "reported_currency": "JPY",
            "gross_profit": 1436001000000.0,
            "total_revenue": 7646091000000.0,
            "cost_of_revenue": 6210090000000.0,
            "cost_of_goods_and_services_sold": 6210090000000.0,
            "operating_income": 741951000000.0,
            "selling_general_and_administrative": 694050000000.0,
            "research_and_development": 0.0,
            "operating_expenses": 694050000000.0,
            "investment_income_net": null,
            "net_interest_income": 70040000000.0,
            "interest_income": 109393000000.0,
            "interest_expense": 4351000000.0,
            "non_interest_income": null,
            "other_non_operating_income": 0.0,
            "depreciation": null,
            "depreciation_and_amortization": 398352000000.0,
            "income_before_tax": 841750000000.0,
            "income_tax_expense": 249629000000.0,
            "interest_and_debt_expense": null,
            "net_income_from_continuing_operations": 701674000000.0,
            "comprehensive_income_net_of_tax": null,
            "ebit": 813338000000.0,
            "ebitda": 1211690000000.0,
            "net_income": 682974000000.0
        },
        {
            "fiscal_date_ending": "2019-09-30",
            "reported_currency": "JPY",
            "gross_profit": 1355103000000.0,
            "total_revenue": 7639504000000.0,
            "cost_of_revenue": 6284401000000.0,
            "cost_of_goods_and_services_sold": 6284401000000.0,
            "operating_income": 662385000000.0,
            "selling_general_and_administrative": 692718000000.0,
            "research_and_development": 0.0,
            "operating_expenses": 692718000000.0,
            "investment_income_net": null,
            "net_interest_income": 41335000000.0,
            "interest_income": 126315000000.0,
            "interest_expense": 10495000000.0,
            "non_interest_income": null,
            "other_non_operating_income": 0.0,
            "depreciation": null,
            "depreciation_and_amortization": 385705000000.0,
            "income_before_tax": 741735000000.0,
            "income_tax_expense": 225019000000.0,
            "interest_and_debt_expense": null,
            "net_income_from_continuing_operations": 613115000000.0,
            "comprehensive_income_net_of_tax": null,
            "ebit": 700733000000.0,
            "ebitda": 1086438000000.0,
            "net_income": 592002000000.0
        },
        {
            "fiscal_date_ending": "2019-12-31",
            "reported_currency": "JPY",
            "gross_profit": 1395910000000.0,
            "total_revenue": 7544569000000.0,
            "cost_of_revenue": 6148659000000.0,
            "cost_of_goods_and_services_sold": 6148659000000.0,
            "operating_income": 654447000000.0,
            "selling_general_and_administrative": 741463000000.0,
            "research_and_development": 0.0,
            "operating_expenses": 741463000000.0,
            "investment_income_net": null,
            "net_interest_income": 63141000000.0,
            "interest_income": 297043000000.0,
            "interest_expense": 3469000000.0,
            "non_interest_income": null,
            "other_non_operating_income": 0.0,
            "depreciation": null,
            "depreciation_and_amortization": 409713000000.0,
            "income_before_tax": 932294000000.0,
            "income_tax_expense": 265901000000.0,
            "interest_and_debt_expense": null,
            "net_income_from_continuing_operations": 763863000000.0,
            "comprehensive_income_net_of_tax": null,
            "ebit": 701861000000.0,
            "ebitda": 1111574000000.0,
            "net_income": 738034000000.0
        },
        {
            "fiscal_date_ending": "2020-03-31",
            "reported_currency": "JPY",
            "gross_profit": 1220614000000.0,
            "total_revenue": 7099828000000.0,
            "cost_of_revenue": 5879214000000.0,
            "cost_of_goods_and_services_sold": 5879214000000.0,
            "operating_income": 384086000000.0,
            "selling_general_and_administrative": 836528000000.0,
            "research_and_development": 1096019000000.0,
            "operating_expenses": 836528000000.0,
            "investment_income_net": null,
            "net_interest_income": 26137000000.0,
            "interest_income": 395645000000.0,
            "interest_expense": 13902000000.0,
            "non_interest_income": null,
            "other_non_operating_income": null,
            "depreciation": null,
            "depreciation_and_amortization": 411613000000.0,
            "income_before_tax": 38828000000.0,
            "income_tax_expense": -57119000000.0,
            "interest_and_debt_expense": null,
            "net_income_from_continuing_operations": 63677000000.0,
            "comprehensive_income_net_of_tax": null,
            "ebit": 474512000000.0,
            "ebitda": 886125000000.0,
            "net_income": 63173000000.0
        },
        {
            "fiscal_date_ending": "2020-06-30",
            "reported_currency": "JPY",
            "gross_profit": 549428000000.0,
            "total_revenue": 4600796000000.0,
            "cost_of_revenue": 4051368000000.0,
            "cost_of_goods_and_services_sold": 4051368000000.0,
            "operating_income": 13920000000.0,
            "selling_general_and_administrative": 535508000000.0,
            "research_and_development": null,
            "operating_expenses": 535508000000.0,
            "investment_income_net": null,
            "net_interest_income": 104777000000.0,
            "interest_income": 100715000000.0,
            "interest_expense": 10012000000.0,
            "non_interest_income": null,
            "other_non_operating_income": null,
            "depreciation": null,
            "depreciation_and_amortization": 398044000000.0,
            "income_before_tax": 118233000000.0,
            "income_tax_expense": -31214000000.0,
            "interest_and_debt_expense": null,
            "net_income_from_continuing_operations": 149447000000.0,
            "comprehensive_income_net_of_tax": null,
            "ebit": 5410000000.0,
            "ebitda": 403454000000.0,
            "net_income": 158843000000.0
        },
        {
            "fiscal_date_ending": "2020-09-30",
            "reported_currency": "JPY",
            "gross_profit": 1148147000000.0,
            "total_revenue": 6774427000000.0,
            "cost_of_revenue": 5626280000000.0,
            "cost_of_goods_and_services_sold": 5626280000000.0,
            "operating_income": 506061000000.0,
            "selling_general_and_administrative": 642086000000.0,
            "research_and_development": null,
            "operating_expenses": 642086000000.0,
            "investment_income_net": null,
            "net_interest_income": 39960000000.0,
            "interest_income": 108227000000.0,
            "interest_expense": 13225000000.0,
            "non_interest_income": null,
            "other_non_operating_income": null,
            "depreciation": null,
            "depreciation_and_amortization": 412544000000.0,
            "income_before_tax": 610582000000.0,
            "income_tax_expense": 128841000000.0,
            "interest_and_debt_expense": null,
            "net_income_from_continuing_operations": 481741000000.0,
            "comprehensive_income_net_of_tax": null,
            "ebit": 526756000000.0,
            "ebitda": 939300000000.0,
            "net_income": 470525000000.0
        },
        {
            "fiscal_date_ending": "2020-12-31",
            "reported_currency": "JPY",
            "gross_profit": 1656703000000.0,
            "total_revenue": 8150033000000.0,
            "cost_of_revenue": 6493330000000.0,
            "cost_of_goods_and_services_sold": 6493330000000.0,
            "operating_income": 987941000000.0,
            "selling_general_and_administrative": 668762000000.0,
            "research_and_development": null,
            "operating_expenses": 668762000000.0,
            "investment_income_net": null,
            "net_interest_income": 43020000000.0,
            "interest_income": 52879000000.0,
            "interest_expense": 9859000000.0,
            "non_interest_income": null,
            "other_non_operating_income": null,
            "depreciation": null,
            "depreciation_and_amortization": 407599000000.0,
            "income_before_tax": 1141174000000.0,
            "income_tax_expense": 273666000000.0,
            "interest_and_debt_expense": null,
            "net_income_from_continuing_operations": 867508000000.0,
            "comprehensive_income_net_of_tax": null,
            "ebit": 988563000000.0,
            "ebitda": 1396162000000.0,
            "net_income": 838696000000.0
        },
        {
            "fiscal_date_ending": "2021-03-31",
            "reported_currency": "JPY",
            "gross_profit": 1478095000000.0,
            "total_revenue": 7689337000000.0,
            "cost_of_revenue": 6211242000000.0,
            "cost_of_goods_and_services_sold": 6211242000000.0,
            "operating_income": 689826000000.0,
            "selling_general_and_administrative": 788269000000.0,
            "research_and_development": 257024000000.0,
            "operating_expenses": 788269000000.0,
            "investment_income_net": null,
            "net_interest_income": 199934000000.0,
            "interest_income": 214375000000.0,
            "interest_expense": 14441000000.0,
            "non_interest_income": null,
            "other_non_operating_income": null,
            "depreciation": null,
            "depreciation_and_amortization": 426103000000.0,
            "income_before_tax": 1062365000000.0,
            "income_tax_expense": 278684000000.0,
            "interest_and_debt_expense": null,
            "net_income_from_continuing_operations": 783681000000.0,
            "comprehensive_income_net_of_tax": null,
            "ebit": 1048856000000.0,
            "ebitda": 1474959000000.0,
            "net_income": 777197000000.0
        },
        {
            "fiscal_date_ending": "2021-06-30",
            "reported_currency": "JPY",
            "gross_profit": 1649638000000.0,
            "total_revenue": 7935557000000.0,
            "cost_of_revenue": 6285919000000.0,
            "cost_of_goods_and_services_sold": 6285919000000.0,
            "operating_income": 997489000000.0,
            "selling_general_and_administrative": 652150000000.0,
            "research_and_development": 274100000000.0,
            "operating_expenses": 652150000000.0,
            "investment_income_net": null,
            "net_interest_income": 64581000000.0,
            "interest_income": 72065000000.0,
            "interest_expense": 7484000000.0,
            "non_interest_income": null,
            "other_non_operating_income": null,
            "depreciation": null,
            "depreciation_and_amortization": 439778000000.0,
            "income_before_tax": 1257220000000.0,
            "income_tax_expense": 330679000000.0,
            "interest_and_debt_expense": null,
            "net_income_from_continuing_operations": 926540000000.0,
            "comprehensive_income_net_of_tax": null,
            "ebit": 971567000000.0,
            "ebitda": 1411345000000.0,
            "net_income": 897832000000.0
        },
        {
            "fiscal_date_ending": "2021-09-30",
            "reported_currency": "JPY",
            "gross_profit": 1438953000000.0,
            "total_revenue": 7545741000000.0,
            "cost_of_revenue": 6106788000000.0,
            "cost_of_goods_and_services_sold": 6106788000000.0,
            "operating_income": 749976000000.0,
            "selling_general_and_administrative": 688978000000.0,
            "research_and_development": 276000000000.0,
            "operating_expenses": 688978000000.0,
            "investment_income_net": null,
            "net_interest_income": 34933000000.0,
            "interest_income": 151967000000.0,
            "interest_expense": 8875000000.0,
            "non_interest_income": null,
            "other_non_operating_income": null,
            "depreciation": null,
            "depreciation_and_amortization": 431626000000.0,
            "income_before_tax": 886825000000.0,
            "income_tax_expense": 248310000000.0,
            "interest_and_debt_expense": null,
            "net_income_from_continuing_operations": 638515000000.0,
            "comprehensive_income_net_of_tax": null,
            "ebit": 732500000000.0,
            "ebitda": 1164126000000.0,
            "net_income": 626652000000.0
        },
        {
            "fiscal_date_ending": "2021-12-31",
            "reported_currency": "JPY",
            "gross_profit": 1526000000000.0,
            "total_revenue": 7785742000000.0,
            "cost_of_revenue": 6259742000000.0,
            "cost_of_goods_and_services_sold": 6259742000000.0,
            "operating_income": 784370000000.0,
            "selling_general_and_administrative": 741629000000.0,
            "research_and_development": 294800000000.0,
            "operating_expenses": 741629000000.0,
            "investment_income_net": null,
            "net_interest_income": 127349000000.0,
            "interest_income": 136542000000.0,
            "interest_expense": 9193000000.0,
            "non_interest_income": null,
            "other_non_operating_income": null,
            "depreciation": null,
            "depreciation_and_amortization": 471129000000.0,
            "income_before_tax": 1093508000000.0,
            "income_tax_expense": 274665000000.0,
            "interest_and_debt_expense": null,
            "net_income_from_continuing_operations": 818842000000.0,
            "comprehensive_income_net_of_tax": null,
            "ebit": 736571000000.0,
            "ebitda": 1207700000000.0,
            "net_income": 791738000000.0
        },
        {
            "fiscal_date_ending": "2022-03-31",
            "reported_currency": "JPY",
            "gross_profit": 1357081000000.0,
            "total_revenue": 8112466000000.0,
            "cost_of_revenue": 6755385000000.0,
            "cost_of_goods_and_services_sold": 6755385000000.0,
            "operating_income": 338870000000.0,
            "selling_general_and_administrative": 893220000000.0,
            "research_and_development": 279362000000.0,
            "operating_expenses": 893220000000.0,
            "investment_income_net": null,
            "net_interest_income": 63900000000.0,
            "interest_income": 333713000000.0,
            "interest_expense": 6906000000.0,
            "non_interest_income": null,
            "other_non_operating_income": null,
            "depreciation": null,
            "depreciation_and_amortization": 479347000000.0,
            "income_before_tax": 752979000000.0,
            "income_tax_expense": 262264000000.0,
            "interest_and_debt_expense": null,
            "net_income_from_continuing_operations": 490716000000.0,
            "comprehensive_income_net_of_tax": null,
            "ebit": 338870000000.0,
            "ebitda": 818217000000.0,
            "net_income": 533888000000.0
        },
        {
            "fiscal_date_ending": "2022-06-30",
            "reported_currency": "JPY",
            "gross_profit": 1391149000000.0,
            "total_revenue": 8491116000000.0,
            "cost_of_revenue": 7099967000000.0,
            "cost_of_goods_and_services_sold": 7099967000000.0,
            "operating_income": 395396000000.0,
            "selling_general_and_administrative": 812494000000.0,
            "research_and_development": 302200000000.0,
            "operating_expenses": 812494000000.0,
            "investment_income_net": null,
            "net_interest_income": 106431000000.0,
            "interest_income": 460759000000.0,
            "interest_expense": 19362000000.0,
            "non_interest_income": null,
            "other_non_operating_income": null,
            "depreciation": null,
            "depreciation_and_amortization": 503366000000.0,
            "income_before_tax": 1021748000000.0,
            "income_tax_expense": 263496000000.0,
            "interest_and_debt_expense": null,
            "net_income_from_continuing_operations": 758253000000.0,
            "comprehensive_income_net_of_tax": null,
            "ebit": 395396000000.0,
            "ebitda": 898762000000.0,
            "net_income": 736820000000.0
        },
        {
            "fiscal_date_ending": "2022-09-30",
            "reported_currency": "JPY",
            "gross_profit": 1423729000000.0,
            "total_revenue": 9218232000000.0,
            "cost_of_revenue": 7794503000000.0,
            "cost_of_goods_and_services_sold": 7794503000000.0,
            "operating_income": 562789000000.0,
            "selling_general_and_administrative": 860940000000.0,
            "research_and_development": 318500000000.0,
            "operating_expenses": 860940000000.0,
            "investment_income_net": null,
            "net_interest_income": 20573000000.0,
            "interest_income": 262323000000.0,
            "interest_expense": 50988000000.0,
            "non_interest_income": null,
            "other_non_operating_income": null,
            "depreciation": null,
            "depreciation_and_amortization": 404561000000.0,
            "income_before_tax": 812528000000.0,
            "income_tax_expense": 351225000000.0,
            "interest_and_debt_expense": null,
            "net_income_from_continuing_operations": 461303000000.0,
            "comprehensive_income_net_of_tax": null,
            "ebit": 562789000000.0,
            "ebitda": 967350000000.0,
            "net_income": 434264000000.0
        },
        {
            "fiscal_date_ending": "2022-12-31",
            "reported_currency": "JPY",
            "gross_profit": 1933293000000.0,
            "total_revenue": 9754685000000.0,
            "cost_of_revenue": 7821392000000.0,
            "cost_of_goods_and_services_sold": 7821392000000.0,
            "operating_income": 956652000000.0,
            "selling_general_and_administrative": 976641000000.0,
            "research_and_development": 290100000000.0,
            "operating_expenses": 976641000000.0,
            "investment_income_net": null,
            "net_interest_income": 72201000000.0,
            "interest_income": 110164000000.0,
            "interest_expense": 37963000000.0,
            "non_interest_income": null,
            "other_non_operating_income": null,
            "depreciation": null,
            "depreciation_and_amortization": 798025000000.0,
            "income_before_tax": 1034998000000.0,
            "income_tax_expense": 290432000000.0,
            "interest_and_debt_expense": null,
            "net_income_from_continuing_operations": 744566000000.0,
            "comprehensive_income_net_of_tax": null,
            "ebit": 956652000000.0,
            "ebitda": 1754677000000.0,
            "net_income": 727942000000.0
        },
        {
            "fiscal_date_ending": "2023-03-31",
            "reported_currency": "JPY",
            "gross_profit": 1564845000000.0,
            "total_revenue": 9690265000000.0,
            "cost_of_revenue": 8125420000000.0,
            "cost_of_goods_and_services_sold": 8125420000000.0,
            "operating_income": 626930000000.0,
            "selling_general_and_administrative": 937914000000.0,
            "research_and_development": 331686000000.0,
            "operating_expenses": 937914000000.0,
            "investment_income_net": null,
            "net_interest_income": 55032000000.0,
            "interest_income": 219520000000.0,
            "interest_expense": 16800000000.0,
            "non_interest_income": null,
            "other_non_operating_income": null,
            "depreciation": null,
            "depreciation_and_amortization": 698333000000.0,
            "income_before_tax": 799459000000.0,
            "income_tax_expense": 270612000000.0,
            "interest_and_debt_expense": null,
            "net_income_from_continuing_operations": 528845000000.0,
            "comprehensive_income_net_of_tax": null,
            "ebit": 626930000000.0,
            "ebitda": 1325263000000.0,
            "net_income": 552292000000.0
        },
        {
            "fiscal_date_ending": "2023-06-30",
            "reported_currency": "JPY",
            "gross_profit": 2062904000000.0,
            "total_revenue": 10546831000000.0,
            "cost_of_revenue": 8483927000000.0,
            "cost_of_goods_and_services_sold": 8483927000000.0,
            "operating_income": 1120900000000.0,
            "selling_general_and_administrative": 942003000000.0,
            "research_and_development": 294800000000.0,
            "operating_expenses": 942003000000.0,
            "investment_income_net": null,
            "net_interest_income": 166788000000.0,
            "interest_income": 606920000000.0,
            "interest_expense": 23339000000.0,
            "non_interest_income": null,
            "other_non_operating_income": null,
            "depreciation": null,
            "depreciation_and_amortization": 505809000000.0,
            "income_before_tax": 1720553000000.0,
            "income_tax_expense": 393663000000.0,
            "interest_and_debt_expense": null,
            "net_income_from_continuing_operations": 1326890000000.0,
            "comprehensive_income_net_of_tax": null,
            "ebit": 1497116000000.0,
            "ebitda": 2002925000000.0,
            "net_income": 1311372000000.0
        },
        {
            "fiscal_date_ending": "2023-09-30",
            "reported_currency": "JPY",
            "gross_profit": 2369936000000.0,
            "total_revenue": 11434786000000.0,
            "cost_of_revenue": 9064850000000.0,
            "cost_of_goods_and_services_sold": 9064850000000.0,
            "operating_income": 1438394000000.0,
            "selling_general_and_administrative": 931543000000.0,
            "research_and_development": 314100000000.0,
            "operating_expenses": 931543000000.0,
            "investment_income_net": null,
            "net_interest_income": 126852000000.0,
            "interest_income": 364626000000.0,
            "interest_expense": 20961000000.0,
            "non_interest_income": null,
            "other_non_operating_income": null,
            "depreciation": null,
            "depreciation_and_amortization": 514152000000.0,
            "income_before_tax": 1800972000000.0,
            "income_tax_expense": 480341000000.0,
            "interest_and_debt_expense": null,
            "net_income_from_continuing_operations": 1320631000000.0,
            "comprehensive_income_net_of_tax": null,
            "ebit": 1438393000000.0,
            "ebitda": 1952545000000.0,
            "net_income": 1278056000000.0
        },
        {
            "fiscal_date_ending": "2023-12-31",
            "reported_currency": "JPY",
            "gross_profit": 2685290000000.0,
            "total_revenue": 12041103000000.0,
            "cost_of_revenue": 9355813000000.0,
            "cost_of_goods_and_services_sold": 9355813000000.0,
            "operating_income": 1680944000000.0,
            "selling_general_and_administrative": 1004347000000.0,
            "research_and_development": 289200000000.0,
            "operating_expenses": 1004347000000.0,
            "investment_income_net": null,
            "net_interest_income": 171912000000.0,
            "interest_income": 206364000000.0,
            "interest_expense": 34452000000.0,
            "non_interest_income": null,
            "other_non_operating_income": null,
            "depreciation": null,
            "depreciation_and_amortization": 515432000000.0,
            "income_before_tax": 1835540000000.0,
            "income_tax_expense": 451437000000.0,
            "interest_and_debt_expense": null,
            "net_income_from_continuing_operations": 1384103000000.0,
            "comprehensive_income_net_of_tax": null,
            "ebit": 1680944000000.0,
            "ebitda": 2196376000000.0,
            "net_income": 1357814000000.0
        },
        {
            "fiscal_date_ending": "2024-03-31",
            "reported_currency": "JPY",
            "gross_profit": 2250188000000.0,
            "total_revenue": 11072605000000.0,
            "cost_of_revenue": 8822417000000.0,
            "cost_of_goods_and_services_sold": 8822417000000.0,
            "operating_income": 1112698000000.0,
            "selling_general_and_administrative": 1137490000000.0,
            "research_and_development": 304273000000.0,
            "operating_expenses": 1137490000000.0,
            "investment_income_net": null,
            "net_interest_income": 50798000000.0,
            "interest_income": 89616000000.0,
            "interest_expense": 24957000000.0,
            "non_interest_income": null,
            "other_non_operating_income": null,
            "depreciation": null,
            "depreciation_and_amortization": 551673000000.0,
            "income_before_tax": 1441064000000.0,
            "income_tax_expense": 568224000000.0,
            "interest_and_debt_expense": null,
            "net_income_from_continuing_operations": 1039797000000.0,
            "comprehensive_income_net_of_tax": null,
            "ebit": 1466021000000.0,
            "ebitda": 2017694000000.0,
            "net_income": 997691000000.0
        },
        {
            "fiscal_date_ending": "2024-06-30",
            "reported_currency": "JPY",
            "gross_profit": 2428445000000.0,
            "total_revenue": 11837879000000.0,
            "cost_of_revenue": 9409434000000.0,
            "cost_of_goods_and_services_sold": 9409434000000.0,
            "operating_income": 1308461000000.0,
            "selling_general_and_administrative": 1119984000000.0,
            "research_and_development": 304600000000.0,
            "operating_expenses": 1119984000000.0,
            "investment_income_net": null,
            "net_interest_income": 157291000000.0,
            "interest_income": 173800000000.0,
            "interest_expense": 16509000000.0,
            "non_interest_income": null,
            "other_non_operating_income": null,
            "depreciation": null,
            "depreciation_and_amortization": 575278000000.0,
            "income_before_tax": 1707321000000.0,
            "income_tax_expense": 508435000000.0,
            "interest_and_debt_expense": null,
            "net_income_from_continuing_operations": 1363823000000.0,
            "comprehensive_income_net_of_tax": null,
            "ebit": 1308461000000.0,
            "ebitda": 1883739000000.0,
            "net_income": 1333347000000.0
        },
        {
            "fiscal_date_ending": "2024-09-30",
            "reported_currency": "JPY",
            "gross_profit": 2438491000000.0,
            "total_revenue": 11444571000000.0,
            "cost_of_revenue": 9006080000000.0,
            "cost_of_goods_and_services_sold": 9006080000000.0,
            "operating_income": 1155756000000.0,
            "selling_general_and_administrative": 1282735000000.0,
            "research_and_development": 636454000000.0,
            "operating_expenses": 1282735000000.0,
            "investment_income_net": null,
            "net_interest_income": 59960000000.0,
            "interest_income": 97145000000.0,
            "interest_expense": 37185000000.0,
            "non_interest_income": null,
            "other_non_operating_income": null,
            "depreciation": null,
            "depreciation_and_amortization": 552686000000.0,
            "income_before_tax": 859811000000.0,
            "income_tax_expense": 357983000000.0,
            "interest_and_debt_expense": null,
            "net_income_from_continuing_operations": 501828000000.0,
            "comprehensive_income_net_of_tax": null,
            "ebit": 797618000000.0,
            "ebitda": 1350304000000.0,
            "net_income": 573766000000.0
        },
        {
            "fiscal_date_ending": "2024-12-31",
            "reported_currency": "JPY",
            "gross_profit": 2378909000000.0,
            "total_revenue": 12391095000000.0,
            "cost_of_revenue": 10012186000000.0,
            "cost_of_goods_and_services_sold": 10012186000000.0,
            "operating_income": 1215274000000.0,
            "selling_general_and_administrative": 1163635000000.0,
            "research_and_development": null,
            "operating_expenses": 11175821000000.0,
            "investment_income_net": null,
            "net_interest_income": 46218000000.0,
            "interest_income": 153790000000.0,
            "interest_expense": 107572000000.0,
            "non_interest_income": null,
            "other_non_operating_income": null,
            "depreciation": null,
            "depreciation_and_amortization": null,
            "income_before_tax": 2698024000000.0,
            "income_tax_expense": null,
            "interest_and_debt_expense": null,
            "net_income_from_continuing_operations": 2213691000000.0,
            "comprehensive_income_net_of_tax": null,
            "ebit": null,
            "ebitda": null,
            "net_income": 2193276000000.0
        }
    ],
    "total_quarters": 81,
    "date_range": {
        "start": "2004-12-31",
        "end": "2024-12-31"
    }
}